timestamp, bid_price, bid_size, bid_exchange, ask_price, ask_size, ask_exchange, trade_price, trade_size, trade_exchange, volume, notional_volume, vwap, nbb_agg_size, nbb_no_of_exchange, nbo_agg_size, nbo_no_of_exchange, is_odd_lot, is_hidden_order, is_mid_order, is_buy_order, is_sell_order, is_trade_through 
1635341400380, 9.75, 1100, XNAS, 9.98, 100, XNAS, 9.77, 10, XADF, 6667, 65136.6, 9.77, 1100, 1, 100, 1, 1, 1, 0, 0, 1, 0
1635341400481, 9.75, 1100, XNAS, 9.97, 1000, IEXG, 9.77, 717, XADF, 7384, 72141.7, 9.77, 1100, 1, 1000, 1, 0, 1, 0, 0, 1, 0
1635341400527, 9.75, 1100, XNAS, 9.97, 1000, IEXG, 9.77, 82, XADF, 7466, 72942.8, 9.77, 1100, 1, 1000, 1, 1, 1, 0, 0, 1, 0
1635341400554, 9.75, 1100, XNAS, 9.97, 1000, IEXG, 9.86, 100, EDGX, 7566, 73928.8, 9.77119, 1100, 1, 1000, 1, 0, 1, 1, 0, 0, 0
1635341400555, 9.75, 1100, XNAS, 9.97, 1000, IEXG, 9.86, 100, EDGX, 7666, 74914.8, 9.77235, 1100, 1, 1000, 1, 0, 1, 1, 0, 0, 0
1635341404082, 9.75, 1100, XNAS, 9.93, 1000, IEXG, 9.86, 1, XADF, 7670, 74954, 9.77236, 1600, 3, 1000, 1, 1, 1, 0, 1, 0, 0
1635341404175, 9.75, 1100, XNAS, 9.93, 1000, IEXG, 9.97, 1, XADF, 7671, 74964, 9.77238, 1600, 3, 1000, 1, 1, 1, 0, 1, 0, 1
1635341405734, 9.75, 1100, XNAS, 9.93, 1000, IEXG, 9.93, 2, XADF, 7673, 74983.8, 9.77243, 1600, 3, 1000, 1, 1, 1, 0, 1, 0, 0
1635341433630, 9.75, 1100, XNAS, 9.87, 100, ARCX, 9.7673, 15, XADF, 7689, 75140.1, 9.77241, 1900, 6, 100, 1, 1, 1, 0, 0, 1, 0
1635341505598, 9.75, 1100, XNAS, 9.83, 200, XNAS, 9.75, 1, XADF, 7690, 75149.8, 9.77241, 1400, 4, 200, 1, 1, 1, 0, 0, 1, 0
1635341519580, 9.75, 1100, XNAS, 9.83, 400, XNAS, 9.75, 1, XADF, 7691, 75159.6, 9.77241, 1400, 4, 400, 1, 1, 1, 0, 0, 1, 0
1635341523363, 9.75, 1100, XNAS, 9.83, 400, XNAS, 9.79, 100, XADF, 7791, 76138.6, 9.77263, 1900, 6, 400, 1, 0, 1, 1, 0, 0, 0
1635341529201, 9.75, 1100, XNAS, 9.83, 400, XNAS, 9.7518, 100, XADF, 7891, 77113.8, 9.77237, 1800, 5, 600, 2, 0, 1, 0, 0, 1, 0
1635341531177, 9.75, 1100, XNAS, 9.83, 400, XNAS, 9.75, 1, XADF, 7892, 77123.5, 9.77237, 1800, 5, 600, 2, 1, 1, 0, 0, 1, 0
1635341531189, 9.75, 1100, XNAS, 9.82, 300, XCHI, 9.82, 2, XADF, 7894, 77143.1, 9.77238, 1800, 5, 300, 1, 1, 1, 0, 1, 0, 0
1635341531196, 9.76, 300, XCHI, 9.82, 300, XCHI, 9.7776, 1, XADF, 7895, 77152.9, 9.77238, 300, 1, 300, 1, 1, 1, 0, 0, 1, 0
1635341531550, 9.75, 1100, XNAS, 9.83, 400, XNAS, 9.79, 100, XADF, 7996, 78141.7, 9.7726, 1800, 5, 600, 2, 0, 1, 1, 0, 0, 0
1635341531552, 9.75, 1100, XNAS, 9.83, 400, XNAS, 9.79, 100, XADF, 8096, 79120.7, 9.77282, 1800, 5, 600, 2, 0, 1, 1, 0, 0, 0
1635341535546, 9.75, 1100, XNAS, 9.82, 100, XNAS, 9.75, 1, ARCX, 8097, 79130.5, 9.77282, 1500, 4, 100, 1, 1, 0, 0, 0, 1, 0
1635341535546, 9.75, 1100, XNAS, 9.82, 100, XNAS, 9.75, 1, ARCX, 8097, 79130.5, 9.77282, 1500, 4, 100, 1, 1, 0, 0, 0, 1, 0
1635341535546, 9.75, 1100, XNAS, 9.82, 100, XNAS, 9.75, 1, ARCX, 8098, 79140.2, 9.77281, 1500, 4, 100, 1, 1, 0, 0, 0, 1, 0
1635341535546, 9.75, 1100, XNAS, 9.82, 100, XNAS, 9.75, 5, ARCX, 8103, 79189, 9.7728, 1500, 4, 100, 1, 1, 0, 0, 0, 1, 0
1635341535546, 9.75, 900, XNAS, 9.82, 100, XNAS, 9.75, 47, XNAS, 8150, 79647.2, 9.77267, 1300, 4, 100, 1, 1, 0, 0, 0, 1, 0
1635341535546, 9.75, 800, XNAS, 9.82, 100, XNAS, 9.75, 100, XNAS, 8250, 80622.2, 9.77239, 1200, 4, 100, 1, 0, 0, 0, 0, 1, 0
1635341535546, 9.75, 800, XNAS, 9.82, 100, XNAS, 9.75, 50, XNAS, 8300, 81109.7, 9.77226, 1200, 4, 100, 1, 1, 0, 0, 0, 1, 0
1635341535546, 9.75, 800, XNAS, 9.82, 100, XNAS, 9.75, 2, XNAS, 8302, 81129.2, 9.77225, 1200, 4, 100, 1, 1, 0, 0, 0, 1, 0
1635341535546, 9.75, 800, XNAS, 9.82, 100, XNAS, 9.75, 10, XNAS, 8312, 81226.7, 9.77223, 1200, 4, 100, 1, 1, 0, 0, 0, 1, 0
1635341535546, 9.75, 800, XNAS, 9.82, 100, XNAS, 9.75, 2, XNAS, 8341, 81509.5, 9.77215, 1200, 4, 100, 1, 1, 0, 0, 0, 1, 0
1635341535546, 9.75, 800, XNAS, 9.8, 100, BATY, 9.75, 898, XNAS, 9239, 90265, 9.77, 1200, 4, 100, 1, 0, 0, 0, 0, 1, 0
1635341535546, 9.75, 100, EDGX, 9.8, 100, BATY, 9.75, 100, MEMX, 9339, 91240, 9.76978, 200, 2, 100, 1, 0, 1, 0, 0, 1, 0
1635341535546, 9.75, 100, EDGX, 9.8, 100, BATY, 9.75, 100, MEMX, 9439, 92215, 9.76957, 200, 2, 100, 1, 0, 1, 0, 0, 1, 0
1635341535546, 9.7, 500, XNAS, 9.77, 100, XNAS, 9.75, 22, EDGX, 9461, 92429.5, 9.76953, 800, 4, 100, 1, 1, 0, 0, 1, 0, 0
1635341535547, 9.7, 500, XNAS, 9.76, 100, MEMX, 9.76, 100, MEMX, 9561, 93405.5, 9.76943, 900, 5, 100, 1, 0, 0, 0, 1, 0, 0
1635341535548, 9.72, 100, ARCX, 9.77, 300, IEXG, 9.72, 100, ARCX, 9661, 94377.5, 9.76892, 200, 2, 600, 4, 0, 0, 0, 0, 1, 0
1635341535548, 9.72, 100, MEMX, 9.75, 100, BATY, 9.72, 100, MEMX, 9761, 95349.5, 9.76841, 100, 1, 100, 1, 0, 0, 0, 0, 1, 0
1635341535970, 9.7, 500, XNAS, 9.78, 100, EDGX, 9.74, 100, IEXG, 9861, 96323.5, 9.76813, 900, 5, 100, 1, 0, 1, 1, 0, 0, 0
1635341535971, 9.7, 500, XNAS, 9.78, 100, EDGX, 9.74, 50, IEXG, 9911, 96810.5, 9.76798, 900, 5, 100, 1, 1, 0, 1, 0, 0, 0
1635341535971, 9.7, 500, XNAS, 9.78, 100, EDGX, 9.74, 50, IEXG, 9961, 97297.5, 9.76784, 900, 5, 100, 1, 1, 0, 1, 0, 0, 0
1635341554377, 9.7, 100, MEMX, 9.78, 400, XNAS, 9.74, 100, XADF, 10061, 98271.5, 9.76757, 200, 2, 600, 3, 0, 1, 1, 0, 0, 0
1635341565159, 9.7, 100, XNAS, 9.78, 500, XNAS, 9.7652, 10, XADF, 10071, 98369.1, 9.76757, 100, 1, 500, 1, 1, 1, 0, 1, 0, 0
1635341588591, 9.7, 100, XNAS, 9.78, 400, XNAS, 9.7001, 1, XADF, 10072, 98378.8, 9.76756, 100, 1, 500, 2, 1, 1, 0, 0, 1, 0
1635341601599, 9.7, 100, XNAS, 9.78, 400, XNAS, 9.74, 100, ARCX, 10172, 99352.8, 9.76729, 100, 1, 600, 3, 0, 1, 1, 0, 0, 0
1635341602677, 9.7, 100, XNAS, 9.78, 400, XNAS, 9.7645, 100, XADF, 10272, 100329, 9.76726, 100, 1, 600, 3, 0, 1, 0, 1, 0, 0
1635341607030, 9.74, 1000, XNAS, 9.78, 400, XNAS, 9.75, 3, XNAS, 10275, 100359, 9.76726, 1000, 1, 600, 3, 1, 0, 0, 0, 1, 0
1635341607030, 9.74, 1100, XNAS, 9.78, 400, XNAS, 9.74, 1, MEMX, 10276, 100368, 9.76725, 1100, 1, 500, 2, 1, 0, 0, 0, 1, 0
1635341607030, 9.74, 1100, XNAS, 9.78, 400, XNAS, 9.74, 1, MEMX, 10277, 100378, 9.76725, 1100, 1, 500, 2, 1, 0, 0, 0, 1, 0
1635341607030, 9.74, 900, XNAS, 9.78, 400, XNAS, 9.74, 200, XNAS, 10477, 102326, 9.76673, 1000, 2, 500, 2, 0, 0, 0, 0, 1, 0
1635341607030, 9.74, 900, XNAS, 9.78, 400, XNAS, 9.74, 98, MEMX, 10575, 103281, 9.76648, 900, 1, 500, 2, 1, 0, 0, 0, 1, 0
1635341607031, 9.74, 800, XNAS, 9.78, 400, XNAS, 9.75, 98, XNAS, 10673, 104236, 9.76633, 800, 1, 600, 3, 1, 0, 0, 0, 1, 0
1635341607031, 9.74, 900, XNAS, 9.78, 400, XNAS, 9.75, 2, XNAS, 10675, 104256, 9.76633, 900, 1, 500, 2, 1, 0, 0, 0, 1, 0
1635341607033, 9.74, 1000, XNAS, 9.78, 400, XNAS, 9.76, 100, IEXG, 10785, 105329, 9.76626, 1000, 1, 600, 3, 0, 1, 1, 0, 0, 0
1635341607040, 9.74, 800, XNAS, 9.78, 200, XNAS, 9.76, 100, XADF, 10885, 106305, 9.76621, 900, 2, 400, 3, 0, 1, 1, 0, 0, 0
1635341607041, 9.74, 800, XNAS, 9.78, 200, XNAS, 9.74, 900, XADF, 11785, 115071, 9.7642, 900, 2, 400, 3, 0, 1, 0, 0, 1, 0
1635341607521, 9.74, 800, XNAS, 9.78, 200, XNAS, 9.76, 3, XADF, 11788, 115100, 9.7642, 900, 2, 400, 3, 1, 1, 1, 0, 0, 0
1635341621293, 9.74, 800, XNAS, 9.78, 100, XCIS, 9.76, 5, XADF, 11793, 115149, 9.7642, 900, 2, 300, 3, 1, 1, 1, 0, 0, 0
1635341635093, 9.74, 800, XNAS, 9.78, 100, XCIS, 9.76, 44, XADF, 11837, 115579, 9.76419, 800, 1, 200, 2, 1, 1, 1, 0, 0, 0
1635341638736, 9.76, 500, XNAS, 9.78, 100, XCIS, 9.76, 300, XNAS, 12137, 118507, 9.76408, 500, 1, 200, 2, 0, 0, 0, 0, 1, 0
1635341638736, 9.76, 400, XNAS, 9.78, 100, XCIS, 9.76, 75, XNAS, 12212, 119239, 9.76406, 400, 1, 200, 2, 1, 0, 0, 0, 1, 0
1635341638736, 9.76, 300, XNAS, 9.78, 100, XCIS, 9.76, 75, XNAS, 12287, 119971, 9.76403, 300, 1, 200, 2, 1, 0, 0, 0, 1, 0
1635341638736, 9.76, 300, XNAS, 9.78, 100, XCIS, 9.76, 75, XNAS, 12362, 120703, 9.76401, 300, 1, 200, 2, 1, 0, 0, 0, 1, 0
1635341638736, 9.76, 200, XNAS, 9.78, 100, XCIS, 9.76, 75, XNAS, 12437, 121435, 9.76398, 200, 1, 200, 2, 1, 0, 0, 0, 1, 0
1635341638736, 9.7, 100, BATS, 9.78, 100, XCIS, 9.76, 200, XNAS, 12637, 123387, 9.76392, 100, 1, 200, 2, 0, 1, 0, 1, 0, 0
1635341640936, 9.72, 100, XNAS, 9.78, 300, IEXG, 9.774, 51, XADF, 12688, 123885, 9.76396, 200, 2, 600, 3, 1, 1, 0, 1, 0, 0
1635341645950, 9.72, 100, IEXG, 9.78, 200, IEXG, 9.75, 15, XADF, 12703, 124031, 9.76394, 100, 1, 500, 3, 1, 1, 1, 0, 0, 0
1635341661289, 9.72, 100, IEXG, 9.78, 200, IEXG, 9.77, 20, XADF, 12723, 124227, 9.76395, 100, 1, 500, 3, 1, 1, 0, 1, 0, 0
1635341680439, 9.71, 100, XNAS, 9.78, 200, XNAS, 9.7238, 10, XADF, 12733, 124324, 9.76392, 100, 1, 400, 3, 1, 1, 0, 0, 1, 0
1635341681455, 9.72, 400, XPSX, 9.78, 200, XNAS, 9.75, 1, XNAS, 12734, 124334, 9.76392, 500, 2, 400, 3, 1, 0, 1, 0, 0, 0
1635341683242, 9.73, 300, IEXG, 9.78, 200, XNAS, 9.755, 1, XADF, 12735, 124344, 9.76392, 500, 3, 300, 2, 1, 1, 1, 0, 0, 0
1635341701590, 9.74, 100, IEXG, 9.78, 200, XNAS, 9.7515, 2, XADF, 12737, 124363, 9.76392, 100, 1, 300, 2, 1, 1, 0, 0, 1, 0
1635341703331, 9.74, 100, IEXG, 9.78, 200, XNAS, 9.76, 1, XNAS, 12738, 124373, 9.76392, 100, 1, 300, 2, 1, 0, 1, 0, 0, 0
1635341704974, 9.74, 200, XNAS, 9.78, 200, XNAS, 9.75, 79, ARCX, 12817, 125143, 9.76383, 200, 1, 300, 2, 1, 0, 0, 0, 1, 0
1635341710010, 9.73, 300, XNAS, 9.78, 200, XNAS, 9.755, 100, XADF, 12917, 126119, 9.76376, 400, 2, 300, 2, 0, 1, 1, 0, 0, 0
1635341710011, 9.73, 300, XNAS, 9.78, 200, XNAS, 9.755, 44, XADF, 12961, 126548, 9.76373, 400, 2, 300, 2, 1, 1, 1, 0, 0, 0
1635341759668, 9.75, 200, XNAS, 9.78, 100, XCIS, 9.78, 100, XNAS, 13061, 127526, 9.76386, 200, 1, 100, 1, 0, 1, 0, 1, 0, 0
1635341759668, 9.75, 200, XNAS, 9.78, 100, XCIS, 9.78, 1, XNAS, 13062, 127536, 9.76386, 200, 1, 100, 1, 1, 0, 0, 1, 0, 0
1635341759668, 9.76, 300, XNAS, 9.78, 100, XCIS, 9.78, 86, XNAS, 13148, 128377, 9.76397, 300, 1, 100, 1, 1, 0, 0, 1, 0, 0
1635341759668, 9.76, 500, XNAS, 9.78, 100, XCIS, 9.77, 10, XADF, 13158, 128474, 9.76397, 1000, 4, 100, 1, 1, 1, 1, 0, 0, 0
1635341759668, 9.76, 500, XNAS, 9.78, 100, XCIS, 9.78, 100, XCIS, 13258, 129452, 9.76409, 1000, 4, 100, 1, 0, 0, 0, 1, 0, 0
1635341759668, 9.76, 500, XNAS, 9.78, 100, XCIS, 9.78, 100, XCIS, 13358, 130430, 9.76421, 1100, 5, 100, 1, 0, 0, 0, 1, 0, 0
1635341759668, 9.76, 500, XNAS, 9.79, 100, XNAS, 9.78, 42, XCIS, 13400, 130841, 9.76426, 1100, 5, 100, 1, 1, 0, 0, 1, 0, 0
1635341759670, 9.78, 100, XNAS, 9.79, 100, XNAS, 9.78, 10, EPRL, 13410, 130939, 9.76427, 100, 1, 100, 1, 1, 0, 0, 0, 1, 0
1635341759670, 9.78, 100, XNAS, 9.82, 500, XNAS, 9.79, 100, XNAS, 13510, 131918, 9.76446, 100, 1, 700, 2, 0, 1, 0, 0, 1, 0
1635341759670, 9.79, 100, XNAS, 9.79, 200, ARCX, 9.78, 7, ARCX, 13517, 131986, 9.76447, 100, 1, 200, 1, 1, 0, 0, 0, 1, 1
1635341759670, 9.79, 100, XNAS, 9.79, 200, ARCX, 9.79, 1, EDGX, 13518, 131996, 9.76447, 100, 1, 200, 1, 1, 0, 1, 0, 0, 0
1635341759670, 9.78, 200, XNAS, 9.79, 200, ARCX, 9.79, 100, XNAS, 13618, 132975, 9.76466, 300, 2, 200, 1, 0, 1, 0, 1, 0, 0
1635341759671, 9.78, 800, XNAS, 9.79, 200, ARCX, 9.78, 233, ARCX, 13851, 135254, 9.76492, 1300, 4, 200, 1, 0, 1, 0, 0, 1, 0
1635341759672, 9.78, 100, EDGX, 9.83, 500, BATS, 9.79, 6, XADF, 13857, 135313, 9.76493, 600, 6, 1000, 4, 1, 1, 0, 0, 1, 0
1635341768845, 9.78, 400, XNAS, 9.86, 1400, BATS, 9.86, 1, XADF, 13858, 135322, 9.76494, 600, 3, 1800, 4, 1, 1, 0, 1, 0, 0
1635341783348, 9.78, 400, XNAS, 9.86, 100, ARCX, 9.82, 1, XADF, 13859, 135332, 9.76494, 600, 3, 100, 1, 1, 1, 1, 0, 0, 0
1635341785526, 9.78, 400, XPSX, 9.86, 100, ARCX, 9.859, 510, XADF, 14369, 140360, 9.76828, 1000, 4, 100, 1, 0, 1, 0, 1, 0, 0
1635341820723, 9.78, 400, XNAS, 9.86, 100, ARCX, 9.82, 2, XADF, 14371, 140380, 9.76829, 600, 3, 100, 1, 1, 1, 1, 0, 0, 0
1635341833259, 9.79, 100, XNAS, 9.84, 100, BATS, 9.82, 1, ARCX, 14373, 140400, 9.76829, 100, 1, 200, 2, 1, 0, 0, 1, 0, 0
1635341833259, 9.79, 100, XNAS, 9.84, 100, BATS, 9.83, 99, ARCX, 14472, 141373, 9.76871, 100, 1, 200, 2, 1, 0, 0, 1, 0, 0
1635341842743, 9.82, 500, XNAS, 9.86, 200, MEMX, 9.82, 10, XADF, 14482, 141471, 9.76875, 700, 3, 300, 2, 1, 1, 0, 0, 1, 0
1635341852279, 9.82, 100, XNAS, 9.86, 100, ARCX, 9.84, 100, IEXG, 14582, 142455, 9.76924, 100, 1, 100, 1, 0, 1, 1, 0, 0, 0
1635341853627, 9.82, 100, XNAS, 9.86, 100, ARCX, 9.8599, 100, XADF, 14682, 143441, 9.76986, 100, 1, 100, 1, 0, 1, 0, 1, 0, 0
1635341899719, 9.82, 200, XNAS, 9.86, 200, ARCX, 9.86, 74, MEMX, 14756, 144171, 9.77031, 200, 1, 200, 1, 1, 0, 0, 1, 0, 0
1635341899720, 9.82, 300, XNAS, 9.86, 200, ARCX, 9.84, 1, ARCX, 14757, 144181, 9.77031, 400, 2, 200, 1, 1, 0, 1, 0, 0, 0
1635341899720, 9.82, 300, XNAS, 9.86, 200, ARCX, 9.85, 25, ARCX, 14782, 144427, 9.77045, 400, 2, 200, 1, 1, 0, 0, 1, 0, 0
1635341899720, 9.82, 300, XPSX, 9.87, 100, ARCX, 9.86, 1, ARCX, 14783, 144437, 9.77045, 1300, 7, 100, 1, 1, 0, 0, 1, 0, 0
1635341899751, 9.82, 200, ARCX, 9.88, 1300, BATS, 9.87, 100, XBOS, 14883, 145424, 9.77112, 400, 2, 2600, 5, 0, 1, 0, 1, 0, 0
1635341899751, 9.82, 300, XPSX, 9.88, 1100, BATS, 9.87, 100, BATS, 14983, 146411, 9.77178, 700, 3, 1600, 5, 0, 1, 0, 1, 0, 0
1635341899751, 9.82, 300, XPSX, 9.88, 1100, BATS, 9.88, 200, BATS, 15183, 148387, 9.77321, 700, 3, 1600, 5, 0, 0, 0, 1, 0, 0
1635341907510, 9.82, 200, XNAS, 9.86, 200, ARCX, 9.84, 10, XADF, 15193, 148485, 9.77325, 300, 2, 200, 1, 1, 1, 1, 0, 0, 0
1635341922923, 9.82, 200, XNAS, 9.86, 200, ARCX, 9.84, 10, XADF, 15203, 148583, 9.7733, 400, 3, 200, 1, 1, 1, 1, 0, 0, 0
1635341928403, 9.82, 200, XNAS, 9.86, 200, ARCX, 9.86, 1, XADF, 15204, 148593, 9.7733, 400, 3, 200, 1, 1, 1, 0, 1, 0, 0
1635341928415, 9.82, 200, XNAS, 9.86, 200, ARCX, 9.8549, 99, XADF, 15303, 149569, 9.77383, 400, 3, 300, 2, 1, 1, 0, 1, 0, 0
1635341945521, 9.82, 300, XNAS, 9.86, 300, IEXG, 9.84, 100, XADF, 15403, 150553, 9.77426, 300, 1, 600, 3, 0, 1, 1, 0, 0, 0
1635341945523, 9.82, 300, XNAS, 9.86, 300, IEXG, 9.84, 200, XADF, 15603, 152521, 9.7751, 300, 1, 600, 3, 0, 1, 1, 0, 0, 0
1635341945529, 9.82, 300, XNAS, 9.86, 300, IEXG, 9.84, 100, XADF, 15703, 153505, 9.77552, 300, 1, 600, 3, 0, 1, 1, 0, 0, 0
1635341956117, 9.82, 300, XNAS, 9.86, 300, IEXG, 9.82, 1, XNAS, 15704, 153515, 9.77552, 300, 1, 800, 4, 1, 0, 0, 0, 1, 0
1635341956117, 9.82, 200, XNAS, 9.86, 400, XPSX, 9.82, 99, XNAS, 15803, 154487, 9.7758, 200, 1, 1300, 5, 1, 0, 0, 0, 1, 0
1635341956117, 9.81, 100, XNAS, 9.86, 400, XPSX, 9.82, 100, XNAS, 15903, 155469, 9.77607, 100, 1, 1300, 5, 0, 1, 0, 0, 1, 0
1635341956117, 9.81, 100, XNAS, 9.86, 400, XPSX, 9.82, 1, XNAS, 15904, 155479, 9.77608, 100, 1, 1300, 5, 1, 0, 0, 0, 1, 0
1635341956117, 9.81, 100, XNAS, 9.86, 400, XPSX, 9.82, 100, XNAS, 16004, 156461, 9.77635, 100, 1, 1300, 5, 0, 1, 0, 0, 1, 0
1635341956117, 9.81, 100, XNAS, 9.85, 100, XNAS, 9.82, 100, XNAS, 16104, 157443, 9.77662, 100, 1, 100, 1, 0, 1, 0, 0, 1, 0
1635341956118, 9.82, 200, BATS, 9.86, 400, XPSX, 9.84, 100, XADF, 16204, 158427, 9.77701, 300, 2, 1600, 8, 0, 1, 1, 0, 0, 0
1635341956118, 9.82, 200, BATS, 9.85, 200, ARCX, 9.84, 100, IEXG, 16304, 159411, 9.7774, 400, 3, 400, 3, 0, 1, 0, 1, 0, 0
1635341956118, 9.82, 200, BATS, 9.85, 200, ARCX, 9.84, 100, XADF, 16404, 160395, 9.77778, 400, 3, 400, 2, 0, 1, 0, 1, 0, 0
1635341956119, 9.82, 200, BATS, 9.86, 200, XNYS, 9.84, 100, XADF, 16504, 161379, 9.77816, 400, 3, 700, 5, 0, 1, 1, 0, 0, 0
1635341956121, 9.82, 200, BATS, 9.86, 200, XNYS, 9.84, 100, XADF, 16604, 162363, 9.77853, 400, 3, 600, 4, 0, 1, 1, 0, 0, 0
1635341956135, 9.82, 200, BATS, 9.86, 200, XNYS, 9.84, 100, XADF, 16704, 163347, 9.7789, 400, 3, 500, 3, 0, 1, 1, 0, 0, 0
1635341956179, 9.82, 200, BATS, 9.86, 200, XNYS, 9.8484, 5, XADF, 16709, 163396, 9.77892, 400, 3, 500, 3, 1, 1, 0, 1, 0, 0
1635341962818, 9.82, 200, BATS, 9.86, 200, XNYS, 9.855, 240, XADF, 16949, 165761, 9.78, 300, 2, 500, 3, 0, 1, 0, 1, 0, 0
1635341962819, 9.82, 200, BATS, 9.86, 200, XNYS, 9.85, 100, XADF, 17049, 166746, 9.78041, 300, 2, 500, 3, 0, 1, 0, 1, 0, 0
1635341963004, 9.82, 200, BATS, 9.86, 200, XNYS, 9.858, 400, XADF, 17449, 170689, 9.78219, 300, 2, 500, 3, 0, 1, 0, 1, 0, 0
1635341971572, 9.82, 200, BATS, 9.86, 200, XNYS, 9.84, 5, XADF, 17454, 170739, 9.7822, 300, 2, 500, 3, 1, 1, 1, 0, 0, 0
1635342000435, 9.83, 200, BATS, 9.86, 200, XNYS, 9.84, 1, XNAS, 17455, 170748, 9.78221, 500, 3, 700, 4, 1, 0, 0, 0, 1, 0
1635342004746, 9.83, 700, XNAS, 9.86, 200, ARCX, 9.86, 100, XNAS, 17555, 171734, 9.78265, 900, 2, 400, 2, 0, 1, 0, 1, 0, 0
1635342004746, 9.85, 500, XNAS, 9.86, 200, ARCX, 9.86, 93, ARCX, 17648, 172651, 9.78306, 500, 1, 400, 2, 1, 0, 0, 1, 0, 0
1635342004746, 9.85, 500, XNAS, 9.86, 200, XNYS, 9.86, 77, XNYS, 17725, 173411, 9.78339, 500, 1, 300, 2, 1, 0, 0, 1, 0, 0
1635342004746, 9.85, 500, XNAS, 9.86, 200, XNYS, 9.86, 107, ARCX, 17832, 174466, 9.78385, 500, 1, 300, 2, 0, 0, 0, 1, 0, 0
1635342004746, 9.85, 500, XNAS, 9.86, 100, XNYS, 9.86, 5, XNYS, 17837, 174515, 9.78387, 500, 1, 100, 1, 1, 0, 0, 1, 0, 0
1635342004746, 9.85, 500, XNAS, 9.86, 100, XNYS, 9.86, 10, EDGX, 17847, 174614, 9.78392, 500, 1, 100, 1, 1, 0, 0, 1, 0, 0
1635342004746, 9.85, 500, XNAS, 9.86, 100, XNYS, 9.86, 137, XNYS, 17984, 175964, 9.78449, 500, 1, 100, 1, 0, 0, 0, 1, 0, 0
1635342004747, 9.84, 600, XNAS, 9.87, 100, ARCX, 9.87, 100, XNAS, 18084, 176951, 9.78497, 700, 2, 200, 2, 0, 0, 0, 1, 0, 0
1635342004747, 9.84, 600, XNAS, 9.87, 100, ARCX, 9.87, 22, XNAS, 18106, 177168, 9.78507, 700, 2, 100, 1, 1, 0, 0, 1, 0, 0
1635342004748, 9.85, 200, BATS, 9.87, 100, ARCX, 9.87, 78, XNAS, 18184, 177938, 9.78544, 200, 1, 100, 1, 1, 0, 0, 1, 0, 0
1635342004748, 9.85, 200, BATS, 9.88, 100, MEMX, 9.87, 100, ARCX, 18284, 178925, 9.7859, 200, 1, 200, 2, 0, 1, 0, 1, 0, 0
1635342004750, 9.86, 100, ARCX, 9.88, 100, XNAS, 9.86, 100, XADF, 18384, 179911, 9.7863, 200, 2, 100, 1, 0, 1, 0, 0, 1, 0
1635342005541, 9.86, 200, BATS, 9.88, 100, XNAS, 9.87, 363, XADF, 18747, 183494, 9.78792, 300, 2, 100, 1, 0, 1, 1, 0, 0, 0
1635342006079, 9.86, 200, BATS, 9.91, 500, XNAS, 9.88, 37, XNAS, 18784, 183860, 9.7881, 400, 3, 700, 2, 1, 0, 0, 0, 1, 0
1635342006080, 9.86, 200, BATS, 9.91, 500, XNAS, 9.88, 37, ARCX, 18821, 184225, 9.78828, 400, 3, 800, 3, 1, 0, 0, 0, 1, 0
1635342010489, 9.86, 200, BATS, 9.91, 700, XNAS, 9.885, 37, XADF, 18858, 184591, 9.78847, 400, 3, 1200, 4, 1, 1, 1, 0, 0, 0
1635342019246, 9.86, 200, BATS, 9.88, 100, ARCX, 9.8628, 250, XADF, 19108, 187057, 9.78945, 500, 4, 200, 2, 0, 1, 0, 0, 1, 0
1635342039808, 9.86, 200, BATS, 9.88, 100, ARCX, 9.88, 63, XNAS, 19171, 187679, 9.78974, 600, 4, 100, 1, 1, 0, 0, 1, 0, 0
1635342039808, 9.87, 700, XNAS, 9.88, 100, ARCX, 9.88, 1, BATS, 19172, 187689, 9.78975, 700, 1, 100, 1, 1, 0, 0, 1, 0, 0
1635342039808, 9.88, 600, XNAS, 9.92, 1400, BATS, 9.88, 13, ARCX, 19185, 187817, 9.78981, 600, 1, 1400, 1, 1, 0, 0, 0, 1, 0
1635342039808, 9.88, 600, XNAS, 9.92, 1400, BATS, 9.88, 100, ARCX, 19285, 188805, 9.79028, 600, 1, 1400, 1, 0, 1, 0, 0, 1, 0
1635342062219, 9.89, 200, BATS, 9.95, 300, XNAS, 9.9366, 10, XADF, 19295, 188905, 9.79035, 400, 2, 800, 4, 1, 1, 0, 1, 0, 0
1635342062497, 9.89, 200, BATS, 9.95, 300, XNAS, 9.9499, 10, XADF, 19305, 189004, 9.79044, 400, 2, 800, 4, 1, 1, 0, 1, 0, 0
1635342089285, 9.89, 300, XNAS, 9.95, 200, BATS, 9.92, 5, XADF, 19310, 189054, 9.79047, 500, 2, 500, 3, 1, 1, 1, 0, 0, 0
1635342089729, 9.89, 300, XNAS, 9.95, 200, BATS, 9.92, 100, XADF, 19410, 190046, 9.79114, 500, 2, 500, 3, 0, 1, 1, 0, 0, 0
1635342094862, 9.89, 800, XNAS, 9.94, 100, XNAS, 9.9, 100, XADF, 19510, 191036, 9.79169, 1000, 2, 100, 1, 0, 1, 0, 0, 1, 0
1635342094862, 9.89, 300, XNAS, 9.94, 100, XNAS, 9.9, 100, XADF, 19610, 192026, 9.79225, 500, 2, 100, 1, 0, 1, 0, 0, 1, 0
1635342094863, 9.89, 300, XNAS, 9.94, 100, XNAS, 9.895, 100, XADF, 19710, 193015, 9.79277, 500, 2, 100, 1, 0, 1, 0, 0, 1, 0
1635342094864, 9.89, 300, XNAS, 9.94, 100, XNAS, 9.9, 100, XADF, 19810, 194005, 9.79331, 500, 2, 100, 1, 0, 1, 0, 0, 1, 0
1635342094864, 9.89, 200, BATS, 9.94, 100, XNAS, 9.89, 200, XNAS, 20010, 195983, 9.79428, 200, 1, 100, 1, 0, 1, 0, 0, 1, 0
1635342094864, 9.89, 200, BATS, 9.94, 100, XNAS, 9.89, 100, XNAS, 20110, 196972, 9.79475, 200, 1, 100, 1, 0, 1, 0, 0, 1, 0
1635342094864, 9.89, 100, BATS, 9.94, 100, XNAS, 9.89, 87, BATS, 20197, 197833, 9.79516, 100, 1, 100, 1, 1, 0, 0, 0, 1, 0
1635342094864, 9.89, 100, BATS, 9.92, 500, XNAS, 9.89, 100, XNAS, 20297, 198822, 9.79563, 100, 1, 800, 2, 0, 1, 0, 0, 1, 0
1635342094864, 9.86, 100, ARCX, 9.91, 100, XNAS, 9.89, 113, BATS, 20410, 199939, 9.79615, 200, 2, 100, 1, 0, 1, 0, 1, 0, 0
1635342094864, 9.89, 100, XNAS, 9.91, 100, XNAS, 9.89, 100, XNAS, 20510, 200928, 9.79661, 100, 1, 100, 1, 0, 0, 0, 0, 1, 0
1635342094864, 9.86, 100, ARCX, 9.91, 300, XPSX, 9.89, 100, XNAS, 20610, 201917, 9.79706, 200, 2, 400, 2, 0, 1, 0, 1, 0, 0
1635342094864, 9.86, 100, ARCX, 9.91, 300, XPSX, 9.89, 100, XNAS, 20710, 202906, 9.79751, 200, 2, 400, 2, 0, 1, 0, 1, 0, 0
1635342094864, 9.86, 100, ARCX, 9.9, 600, XNAS, 9.89, 100, XNAS, 20810, 203895, 9.79796, 200, 2, 600, 1, 0, 1, 0, 1, 0, 0
1635342094864, 9.86, 100, ARCX, 9.91, 300, XPSX, 9.89, 50, XNAS, 20860, 204390, 9.79818, 200, 2, 400, 2, 1, 0, 0, 1, 0, 0
1635342094864, 9.86, 100, ARCX, 9.91, 300, XPSX, 9.89, 75, XNAS, 20935, 205132, 9.79851, 200, 2, 400, 2, 1, 0, 0, 1, 0, 0
1635342094864, 9.86, 100, ARCX, 9.9, 500, XNAS, 9.89, 100, XNAS, 21035, 206121, 9.79894, 200, 2, 500, 1, 0, 1, 0, 1, 0, 0
1635342094864, 9.86, 100, ARCX, 9.92, 500, XNAS, 9.89, 100, XNAS, 21135, 207110, 9.79937, 200, 2, 500, 1, 0, 1, 1, 0, 0, 0
1635342094864, 9.86, 100, BATS, 9.92, 500, XNAS, 9.89, 100, XNAS, 21235, 208099, 9.7998, 200, 2, 500, 1, 0, 1, 1, 0, 0, 0
1635342094864, 9.86, 100, BATS, 9.92, 500, XNAS, 9.89, 100, XNAS, 21335, 209088, 9.80022, 200, 2, 500, 1, 0, 1, 1, 0, 0, 0
1635342094865, 9.89, 100, XNAS, 9.9, 500, XNAS, 9.89, 75, XNAS, 21410, 209829, 9.80054, 100, 1, 500, 1, 1, 0, 0, 0, 1, 0
1635342094865, 9.86, 100, ARCX, 9.91, 500, XNAS, 9.89, 25, XNAS, 21435, 210077, 9.80064, 100, 1, 800, 2, 1, 0, 0, 1, 0, 0
1635342094865, 9.86, 100, ARCX, 9.91, 500, XNAS, 9.89, 75, XNAS, 21510, 210818, 9.80095, 100, 1, 800, 2, 1, 0, 0, 1, 0, 0
1635342094865, 9.86, 100, ARCX, 9.91, 300, XPSX, 9.89, 100, XNAS, 21610, 211807, 9.80136, 200, 2, 500, 3, 0, 1, 0, 1, 0, 0
1635342094865, 9.89, 100, XNAS, 9.91, 100, MEMX, 9.89, 21, XNAS, 21631, 212015, 9.80145, 100, 1, 100, 1, 1, 0, 0, 0, 1, 0
1635342094865, 9.86, 100, ARCX, 9.91, 100, MEMX, 9.89, 21, XNAS, 21652, 212223, 9.80154, 200, 2, 100, 1, 1, 0, 0, 1, 0, 0
1635342094865, 9.86, 100, ARCX, 9.91, 100, MEMX, 9.89, 58, XNAS, 21710, 212796, 9.80177, 200, 2, 100, 1, 1, 0, 0, 1, 0, 0
1635342094865, 9.86, 100, ARCX, 9.91, 100, MEMX, 9.89, 42, XNAS, 21752, 213212, 9.80194, 200, 2, 100, 1, 1, 0, 0, 1, 0, 0
1635342094865, 9.86, 100, ARCX, 9.93, 600, XNAS, 9.89, 100, XNAS, 21852, 214201, 9.80234, 200, 2, 900, 2, 0, 1, 0, 0, 1, 0
1635342094865, 9.89, 100, XNAS, 9.93, 600, XNAS, 9.89, 77, XNAS, 21929, 214962, 9.80265, 100, 1, 900, 2, 1, 0, 0, 0, 1, 0
1635342094865, 9.89, 100, XNAS, 9.9, 100, MEMX, 9.89, 23, XNAS, 21952, 215190, 9.80274, 100, 1, 100, 1, 1, 0, 0, 0, 1, 0
1635342094865, 9.86, 100, MEMX, 9.9, 100, MEMX, 9.89, 77, XNAS, 22029, 215951, 9.80305, 100, 1, 100, 1, 1, 0, 0, 1, 0, 0
1635342094865, 9.86, 100, MEMX, 9.9, 100, MEMX, 9.89, 14, XNAS, 22043, 216090, 9.8031, 100, 1, 100, 1, 1, 0, 0, 1, 0, 0
1635342094865, 9.84, 100, ARCX, 9.93, 600, XNAS, 9.89, 7, XNAS, 22050, 216159, 9.80313, 100, 1, 900, 2, 1, 0, 0, 1, 0, 0
1635342094865, 9.84, 100, ARCX, 9.93, 600, XNAS, 9.89, 2, XNAS, 22052, 216179, 9.80314, 100, 1, 900, 2, 1, 0, 0, 1, 0, 0
1635342094865, 9.84, 100, ARCX, 9.93, 600, XNAS, 9.89, 5, XNAS, 22057, 216228, 9.80316, 100, 1, 900, 2, 1, 0, 0, 1, 0, 0
1635342094865, 9.84, 100, ARCX, 9.93, 600, XNAS, 9.89, 12, XNAS, 22069, 216347, 9.80321, 100, 1, 900, 2, 1, 0, 0, 1, 0, 0
1635342094865, 9.84, 700, XNAS, 9.9, 100, XNAS, 9.89, 75, XNAS, 22144, 217089, 9.8035, 700, 1, 100, 1, 1, 0, 0, 1, 0, 0
1635342094865, 9.84, 700, XNAS, 9.9, 100, XNAS, 9.89, 25, XNAS, 22169, 217336, 9.8036, 700, 1, 100, 1, 1, 0, 0, 1, 0, 0
1635342094865, 9.84, 700, XNAS, 9.9, 100, XNAS, 9.89, 231, XNAS, 22400, 219621, 9.80449, 700, 1, 100, 1, 0, 1, 0, 1, 0, 0
1635342094865, 9.84, 700, XNAS, 9.89, 500, XNAS, 9.89, 100, XNAS, 22500, 220610, 9.80487, 700, 1, 500, 1, 0, 0, 0, 1, 0, 0
1635342094865, 9.84, 700, XNAS, 9.9, 300, XPSX, 9.89, 50, XNAS, 22550, 221104, 9.80506, 700, 1, 400, 2, 1, 0, 0, 1, 0, 0
1635342094865, 9.89, 100, XNAS, 9.9, 300, XPSX, 9.9, 100, XADF, 22650, 222094, 9.80548, 100, 1, 400, 2, 0, 1, 0, 1, 0, 0
1635342094865, 9.85, 500, XNAS, 9.9, 300, XPSX, 9.89, 5, XNAS, 22655, 222144, 9.8055, 500, 1, 400, 2, 1, 0, 0, 1, 0, 0
1635342094866, 9.89, 100, XNAS, 9.9, 100, XNAS, 9.9, 100, IEXG, 22755, 223134, 9.80591, 100, 1, 100, 1, 0, 1, 0, 1, 0, 0
1635342094866, 9.89, 100, XNAS, 9.93, 500, XNAS, 9.9, 100, XNAS, 22855, 224124, 9.80632, 100, 1, 800, 2, 0, 1, 0, 0, 1, 0
1635342094895, 9.9, 400, XNAS, 9.94, 600, XNAS, 9.9, 64, XNAS, 22919, 224757, 9.80658, 400, 1, 1400, 5, 1, 0, 0, 0, 1, 0
1635342148514, 9.86, 600, XNAS, 9.93, 100, ARCX, 9.928, 30, XADF, 22949, 225055, 9.80674, 600, 1, 100, 1, 1, 1, 0, 1, 0, 0
1635342153452, 9.86, 600, XNAS, 9.93, 100, ARCX, 9.895, 10, XADF, 22959, 225154, 9.80678, 600, 1, 100, 1, 1, 1, 1, 0, 0, 0
1635342153463, 9.86, 600, XNAS, 9.93, 100, ARCX, 9.895, 10, XADF, 22969, 225253, 9.80682, 600, 1, 100, 1, 1, 1, 1, 0, 0, 0
1635342174362, 9.86, 500, XNAS, 9.92, 100, XNAS, 9.89, 1000, XADF, 23970, 235153, 9.81029, 500, 1, 100, 1, 0, 1, 1, 0, 0, 0
1635342251548, 9.86, 500, XNAS, 9.91, 100, ARCX, 9.885, 1, XADF, 23971, 235163, 9.8103, 500, 1, 200, 2, 1, 1, 1, 0, 0, 0
1635342261568, 9.86, 500, XNAS, 9.91, 300, XNAS, 9.885, 1, XADF, 23972, 235172, 9.8103, 500, 1, 700, 4, 1, 1, 1, 0, 0, 0
1635342273074, 9.86, 500, XNAS, 9.91, 300, XNAS, 9.91, 20, XADF, 23992, 235371, 9.81038, 500, 1, 600, 3, 1, 1, 0, 1, 0, 0
1635342287652, 9.86, 100, XNAS, 9.91, 300, XNAS, 9.91, 20, XADF, 24012, 235569, 9.81046, 100, 1, 800, 4, 1, 1, 0, 1, 0, 0
1635342300376, 9.87, 600, XNAS, 9.91, 100, ARCX, 9.88, 200, XNAS, 24212, 237545, 9.81104, 600, 1, 300, 3, 0, 1, 0, 0, 1, 0
1635342306391, 9.86, 100, MEMX, 9.9, 200, XNAS, 9.88, 80, XADF, 24292, 238335, 9.81127, 200, 2, 200, 1, 1, 1, 1, 0, 0, 0
1635342306391, 9.86, 100, MEMX, 9.9, 200, XNAS, 9.88, 10, XADF, 24302, 238434, 9.81129, 200, 2, 200, 1, 1, 1, 1, 0, 0, 0
1635342306391, 9.86, 100, MEMX, 9.9, 200, XNAS, 9.88, 10, XADF, 24312, 238533, 9.81132, 200, 2, 200, 1, 1, 1, 1, 0, 0, 0
1635342333304, 9.86, 100, MEMX, 9.89, 100, ARCX, 9.8899, 2, XADF, 24314, 238553, 9.81133, 200, 2, 100, 1, 1, 1, 0, 1, 0, 0
1635342356563, 9.86, 100, MEMX, 9.89, 100, ARCX, 9.87, 150, XADF, 24464, 240033, 9.81169, 200, 2, 100, 1, 0, 1, 0, 0, 1, 0
1635342369623, 9.82, 900, XNAS, 9.89, 200, EDGX, 9.82, 1, XADF, 24465, 240043, 9.81169, 900, 1, 500, 3, 1, 1, 0, 0, 1, 0
1635342373631, 9.82, 800, XNAS, 9.89, 200, EDGX, 9.82, 1, XADF, 24466, 240053, 9.81169, 800, 1, 400, 2, 1, 1, 0, 0, 1, 0
1635342416517, 9.83, 800, XNAS, 9.88, 100, XNAS, 9.8374, 9949, XADF, 34415, 337925, 9.81912, 800, 1, 100, 1, 0, 1, 0, 0, 1, 0
1635342420009, 9.83, 700, XNAS, 9.88, 400, EDGX, 9.855, 100, XADF, 34515, 338911, 9.81923, 700, 1, 500, 2, 0, 1, 1, 0, 0, 0
1635342420010, 9.83, 700, XNAS, 9.88, 400, EDGX, 9.855, 200, XADF, 34715, 340882, 9.81943, 700, 1, 500, 2, 0, 1, 1, 0, 0, 0
1635342420011, 9.83, 700, XNAS, 9.88, 400, EDGX, 9.855, 118, XADF, 34833, 342044, 9.81955, 700, 1, 500, 2, 0, 1, 1, 0, 0, 0
1635342439304, 9.82, 200, XNAS, 9.87, 200, ARCX, 9.845, 200, XADF, 35033, 344013, 9.8197, 200, 1, 200, 1, 0, 1, 1, 0, 0, 0
1635342439308, 9.85, 500, XNAS, 9.87, 200, ARCX, 9.85, 1, ARCX, 35034, 344023, 9.8197, 500, 1, 200, 1, 1, 0, 0, 0, 1, 0
1635342439308, 9.85, 600, XNAS, 9.87, 200, ARCX, 9.86, 1, BATS, 35035, 344033, 9.8197, 600, 1, 200, 1, 1, 0, 1, 0, 0, 0
1635342439308, 9.86, 500, XNAS, 9.89, 100, XNAS, 9.87, 100, ARCX, 35135, 345020, 9.81984, 500, 1, 200, 2, 0, 1, 0, 0, 1, 0
1635342439308, 9.86, 500, XNAS, 9.89, 100, XNAS, 9.87, 100, ARCX, 35235, 346007, 9.81999, 500, 1, 200, 2, 0, 1, 0, 0, 1, 0
1635342439309, 9.85, 500, XNAS, 9.9, 200, XNAS, 9.89, 100, XNAS, 35335, 346996, 9.82018, 500, 1, 200, 1, 0, 1, 0, 1, 0, 0
1635342439309, 9.85, 500, XNAS, 9.9, 100, XNAS, 9.88, 72, EDGX, 35407, 347708, 9.82031, 500, 1, 100, 1, 1, 0, 0, 1, 0, 0
1635342439309, 9.85, 500, XNAS, 9.9, 100, XNAS, 9.89, 100, XNAS, 35507, 348697, 9.8205, 500, 1, 100, 1, 0, 1, 0, 1, 0, 0
1635342439309, 9.85, 500, XNAS, 9.9, 100, XNAS, 9.88, 3, EDGX, 35510, 348726, 9.82051, 500, 1, 100, 1, 1, 0, 0, 1, 0, 0
1635342439309, 9.87, 100, XNAS, 9.91, 100, XNAS, 9.9, 2, XNAS, 35512, 348746, 9.82051, 100, 1, 100, 1, 1, 0, 0, 1, 0, 0
1635342439309, 9.87, 100, XNAS, 9.91, 100, XNAS, 9.89, 50, XBOS, 35562, 349240, 9.82061, 100, 1, 100, 1, 1, 0, 1, 0, 0, 0
1635342439309, 9.87, 300, XNAS, 9.91, 100, XNAS, 9.91, 100, XNAS, 35662, 350231, 9.82086, 300, 1, 100, 1, 0, 0, 0, 1, 0, 0
1635342439309, 9.87, 200, XNAS, 9.92, 100, BATS, 9.91, 20, XNAS, 35682, 350430, 9.82091, 200, 1, 200, 2, 1, 0, 0, 1, 0, 0
1635342439309, 9.87, 100, XNAS, 9.92, 100, BATS, 9.89, 50, XBOS, 35732, 350924, 9.82101, 100, 1, 200, 2, 1, 0, 0, 0, 1, 0
1635342439309, 9.87, 100, XNAS, 9.92, 100, XNAS, 9.9, 100, BATS, 35832, 351914, 9.82123, 400, 4, 100, 1, 0, 1, 0, 1, 0, 0
1635342439309, 9.87, 100, XNAS, 9.92, 100, XNAS, 9.9, 100, EDGX, 35932, 352904, 9.82145, 200, 2, 100, 1, 0, 1, 0, 1, 0, 0
1635342439309, 9.87, 400, ARCX, 9.91, 300, XNAS, 9.89, 100, XCIS, 36032, 353893, 9.82164, 800, 5, 300, 1, 0, 1, 1, 0, 0, 0
1635342450816, 9.84, 300, XNAS, 9.9, 600, XNAS, 9.9, 25, XADF, 36057, 354141, 9.82169, 500, 2, 600, 1, 1, 1, 0, 1, 0, 0
1635342458568, 9.84, 400, XNAS, 9.89, 500, XNAS, 9.89, 2, XADF, 36059, 354160, 9.82169, 600, 2, 500, 1, 1, 1, 0, 1, 0, 0
1635342463168, 9.84, 400, XNAS, 9.89, 500, XNAS, 9.89, 100, XADF, 36159, 355149, 9.82188, 600, 2, 500, 1, 0, 1, 0, 1, 0, 0
1635342468760, 9.82, 700, XNAS, 9.87, 200, XNAS, 9.87, 100, XNAS, 36259, 356136, 9.82202, 1100, 2, 200, 1, 0, 0, 0, 1, 0, 0
1635342527731, 9.82, 800, XNAS, 9.87, 200, XNAS, 9.87, 30, XNAS, 36289, 356433, 9.82206, 800, 1, 200, 1, 1, 0, 0, 1, 0, 0
1635342527731, 9.85, 600, XNAS, 9.87, 300, XNAS, 9.87, 100, XNAS, 36389, 357420, 9.82219, 600, 1, 300, 1, 0, 0, 0, 1, 0, 0
1635342527731, 9.85, 600, XNAS, 9.87, 200, XNAS, 9.87, 100, XNAS, 36489, 358407, 9.82232, 600, 1, 200, 1, 0, 0, 0, 1, 0, 0
1635342527731, 9.85, 600, XNAS, 9.91, 100, BATS, 9.87, 1, XNAS, 36490, 358416, 9.82232, 600, 1, 100, 1, 1, 0, 0, 0, 1, 0
1635342527731, 9.85, 600, XNAS, 9.91, 100, BATS, 9.87, 207, XNAS, 36697, 360460, 9.82259, 600, 1, 100, 1, 0, 1, 0, 0, 1, 0
1635342527732, 9.87, 100, XNAS, 9.92, 600, XNAS, 9.87, 1, ARCX, 36698, 360469, 9.82259, 100, 1, 800, 2, 1, 0, 0, 0, 1, 0
1635342547533, 9.87, 200, XNAS, 9.91, 400, XNAS, 9.91, 100, XADF, 36798, 361460, 9.82283, 200, 1, 400, 1, 0, 1, 0, 1, 0, 0
1635342547535, 9.87, 200, XNAS, 9.91, 300, XNAS, 9.89, 25, XADF, 36823, 361708, 9.82287, 300, 2, 500, 2, 1, 1, 1, 0, 0, 0
1635342555636, 9.87, 200, XNAS, 9.91, 300, XNAS, 9.8709, 1000, XADF, 37823, 371579, 9.82414, 300, 2, 400, 2, 0, 1, 0, 0, 1, 0
1635342564492, 9.87, 200, XNAS, 9.91, 300, XNAS, 9.89, 150, XADF, 37973, 373062, 9.8244, 200, 1, 400, 2, 0, 1, 1, 0, 0, 0
1635342564494, 9.87, 200, XNAS, 9.91, 300, XNAS, 9.89, 25, XADF, 37998, 373309, 9.82445, 200, 1, 300, 1, 1, 1, 1, 0, 0, 0
1635342573480, 9.87, 200, XNAS, 9.91, 300, XNAS, 9.8984, 2, XADF, 38000, 373329, 9.82445, 200, 1, 300, 1, 1, 1, 0, 1, 0, 0
1635342594305, 9.87, 200, XNAS, 9.91, 400, XNAS, 9.9032, 90, XADF, 38090, 374220, 9.82464, 200, 1, 400, 1, 1, 1, 0, 1, 0, 0
1635342594574, 9.85, 100, XNAS, 9.89, 100, EDGX, 9.87, 100, XNAS, 38190, 375207, 9.82475, 100, 1, 100, 1, 0, 1, 1, 0, 0, 0
1635342594574, 9.85, 100, XNAS, 9.89, 100, EDGX, 9.87, 100, XNAS, 38290, 376194, 9.82487, 100, 1, 100, 1, 0, 1, 1, 0, 0, 0
1635342594574, 9.85, 100, XNAS, 9.89, 100, EDGX, 9.87, 1, XNAS, 38291, 376204, 9.82487, 100, 1, 100, 1, 1, 0, 1, 0, 0, 0
1635342594575, 9.84, 100, BATS, 9.89, 700, XNAS, 9.87, 100, XNAS, 38391, 377191, 9.82499, 100, 1, 1200, 4, 0, 1, 0, 1, 0, 0
1635342594575, 9.84, 100, BATS, 9.89, 700, XNAS, 9.87, 36, XNAS, 38427, 377547, 9.82503, 100, 1, 1200, 4, 1, 0, 0, 1, 0, 0
1635342594575, 9.82, 200, XNAS, 9.87, 700, XNAS, 9.88, 100, XADF, 38527, 378535, 9.82518, 200, 1, 700, 1, 0, 1, 0, 1, 0, 1
1635342594575, 9.83, 500, XNAS, 9.87, 300, BATS, 9.88, 36, XADF, 38563, 378890, 9.82523, 500, 1, 700, 4, 1, 1, 0, 1, 0, 1
1635342630875, 9.84, 100, XNAS, 9.87, 200, XNAS, 9.84, 100, XADF, 38663, 379874, 9.82527, 100, 1, 300, 2, 0, 1, 0, 0, 1, 0
1635342630879, 9.84, 100, XNAS, 9.87, 100, EDGX, 9.84, 20, XADF, 38683, 380071, 9.82527, 100, 1, 200, 2, 1, 1, 0, 0, 1, 0
1635342651882, 9.84, 100, MEMX, 9.87, 100, EDGX, 9.855, 2, XADF, 38685, 380091, 9.82527, 200, 2, 200, 2, 1, 1, 1, 0, 0, 0
1635342657535, 9.84, 100, XNAS, 9.87, 300, EDGX, 9.855, 5, XADF, 38690, 380140, 9.82528, 200, 2, 600, 3, 1, 1, 1, 0, 0, 0
1635342673878, 9.84, 100, XNAS, 9.87, 300, EDGX, 9.855, 55, XADF, 38745, 380682, 9.82532, 200, 2, 600, 3, 1, 1, 1, 0, 0, 0
1635342688366, 9.85, 200, XNAS, 9.87, 300, EDGX, 9.8527, 250, XADF, 38995, 383145, 9.8255, 200, 1, 400, 2, 0, 1, 0, 0, 1, 0
1635342690550, 9.85, 100, XNAS, 9.87, 300, EDGX, 9.8699, 5, XADF, 39000, 383195, 9.8255, 100, 1, 400, 2, 1, 1, 0, 1, 0, 0
1635342690551, 9.83, 100, XNAS, 9.87, 300, EDGX, 9.85, 100, XNAS, 39100, 384180, 9.82556, 100, 1, 400, 2, 0, 1, 1, 0, 0, 0
1635342690551, 9.83, 100, XNAS, 9.86, 200, XNAS, 9.85, 100, XNAS, 39200, 385165, 9.82563, 100, 1, 200, 1, 0, 1, 0, 1, 0, 0
1635342690552, 9.85, 100, XNAS, 9.85, 100, MEMX, 9.85, 57, MEMX, 39257, 385726, 9.82566, 100, 1, 100, 1, 1, 0, 1, 0, 0, 0
1635342690552, 9.85, 100, XNAS, 9.86, 200, EDGX, 9.86, 64, XADF, 39321, 386357, 9.82572, 100, 1, 600, 4, 1, 1, 0, 1, 0, 0
1635342690552, 9.85, 100, XNAS, 9.86, 200, EDGX, 9.855, 100, IEXG, 39421, 387343, 9.82579, 100, 1, 600, 4, 0, 1, 1, 0, 0, 0
1635342690553, 9.85, 100, XNAS, 9.86, 200, EDGX, 9.86, 19, XADF, 39440, 387530, 9.82581, 100, 1, 600, 4, 1, 1, 0, 1, 0, 0
1635342690554, 9.85, 100, XNAS, 9.86, 200, EDGX, 9.855, 50, XADF, 39490, 388023, 9.82585, 100, 1, 600, 4, 1, 1, 1, 0, 0, 0
1635342690554, 9.85, 100, XNAS, 9.86, 200, EDGX, 9.855, 25, XADF, 39515, 388269, 9.82586, 100, 1, 600, 4, 1, 1, 1, 0, 0, 0
1635342690554, 9.85, 100, XNAS, 9.86, 200, EDGX, 9.855, 25, XADF, 39540, 388515, 9.82588, 100, 1, 600, 4, 1, 1, 1, 0, 0, 0
1635342693542, 9.83, 200, XNAS, 9.86, 300, XNYS, 9.845, 1, XADF, 39541, 388525, 9.82588, 600, 3, 600, 3, 1, 1, 1, 0, 0, 0
1635342714197, 9.83, 300, XNAS, 9.86, 100, XNYS, 9.86, 1, MEMX, 39542, 388535, 9.82588, 800, 4, 200, 2, 1, 0, 0, 1, 0, 0
1635342714197, 9.83, 300, XNAS, 9.86, 100, XNYS, 9.86, 99, MEMX, 39641, 389511, 9.82597, 800, 4, 200, 2, 1, 0, 0, 1, 0, 0
1635342717867, 9.85, 100, MEMX, 9.86, 100, XNYS, 9.855, 10, XADF, 39651, 389610, 9.82598, 100, 1, 100, 1, 1, 1, 1, 0, 0, 0
1635342717879, 9.85, 100, MEMX, 9.86, 100, XNYS, 9.855, 10, XADF, 39661, 389708, 9.82598, 100, 1, 100, 1, 1, 1, 1, 0, 0, 0
1635342720007, 9.85, 100, MEMX, 9.86, 100, XNYS, 9.86, 11, XBOS, 39672, 389817, 9.82599, 100, 1, 100, 1, 1, 0, 0, 1, 0, 0
1635342730826, 9.85, 300, XNAS, 9.86, 200, EDGX, 9.86, 1, XNAS, 39673, 389827, 9.82599, 500, 2, 300, 2, 1, 0, 0, 1, 0, 0
1635342730826, 9.85, 1100, XNAS, 9.86, 100, XNYS, 9.86, 200, EDGX, 39873, 391799, 9.82617, 1300, 2, 100, 1, 0, 1, 0, 1, 0, 0
1635342730826, 9.85, 600, XNAS, 9.86, 100, XNYS, 9.86, 59, EDGX, 39932, 392380, 9.82622, 700, 2, 100, 1, 1, 0, 0, 1, 0, 0
1635342730826, 9.86, 100, XNAS, 9.86, 100, XNYS, 9.86, 100, XNYS, 40032, 393366, 9.8263, 100, 1, 100, 1, 0, 0, 1, 0, 0, 0
1635342735704, 9.87, 300, ARCX, 9.89, 200, MEMX, 9.8723, 1000, XADF, 41032, 403239, 9.82742, 800, 3, 500, 4, 0, 1, 0, 0, 1, 0
1635342745222, 9.87, 300, ARCX, 9.89, 200, XNAS, 9.88, 3, XADF, 41035, 403268, 9.82742, 800, 3, 500, 4, 1, 1, 1, 0, 0, 0
1635342760040, 9.87, 300, ARCX, 9.89, 100, EDGX, 9.88, 8, XADF, 41043, 403347, 9.82743, 300, 1, 400, 4, 1, 1, 1, 0, 0, 0
1635342760043, 9.87, 300, ARCX, 9.89, 100, EDGX, 9.88, 25, XADF, 41068, 403594, 9.82747, 300, 1, 400, 4, 1, 1, 1, 0, 0, 0
1635342768735, 9.87, 300, ARCX, 9.89, 100, EDGX, 9.889, 1, XADF, 41069, 403604, 9.82747, 300, 1, 400, 4, 1, 1, 0, 1, 0, 0
1635342768751, 9.87, 300, ARCX, 9.89, 100, EDGX, 9.889, 7, XADF, 41076, 403674, 9.82748, 300, 1, 400, 4, 1, 1, 0, 1, 0, 0
1635342769030, 9.87, 300, ARCX, 9.89, 100, EDGX, 9.873, 31, XADF, 41107, 403980, 9.82751, 300, 1, 300, 3, 1, 1, 0, 0, 1, 0
1635342769030, 9.87, 300, ARCX, 9.89, 100, EDGX, 9.88, 31, XADF, 41138, 404286, 9.82755, 300, 1, 300, 3, 1, 1, 1, 0, 0, 0
1635342769479, 9.87, 300, ARCX, 9.89, 100, EDGX, 9.89, 1, XADF, 41139, 404296, 9.82755, 300, 1, 300, 3, 1, 1, 0, 1, 0, 0
1635342778472, 9.87, 300, ARCX, 9.89, 100, EDGX, 9.88, 1, XADF, 41140, 404306, 9.82756, 500, 3, 400, 4, 1, 1, 1, 0, 0, 0
1635342798495, 9.87, 300, ARCX, 9.89, 100, EDGX, 9.89, 100, MEMX, 41240, 405295, 9.82771, 900, 4, 400, 4, 0, 0, 0, 1, 0, 0
1635342804520, 9.88, 200, XNAS, 9.89, 100, EDGX, 9.89, 1, XNAS, 41241, 405305, 9.82771, 400, 3, 100, 1, 1, 0, 0, 1, 0, 0
1635342804520, 9.88, 200, XNAS, 9.89, 100, EDGX, 9.89, 1, XNAS, 41242, 405314, 9.82771, 400, 3, 100, 1, 1, 0, 0, 1, 0, 0
1635342804520, 9.88, 200, XNAS, 9.91, 100, XNAS, 9.89, 115, EDGX, 41357, 406452, 9.82788, 400, 3, 100, 1, 0, 1, 0, 0, 1, 0
1635342816113, 9.89, 300, XNAS, 9.92, 100, EDGA, 9.9, 10, XADF, 41367, 406551, 9.8279, 800, 4, 100, 1, 1, 1, 0, 0, 1, 0
1635342849748, 9.89, 300, XNAS, 9.92, 100, IEXG, 9.9, 1, XADF, 41368, 406561, 9.8279, 700, 4, 100, 1, 1, 1, 0, 0, 1, 0
1635342855018, 9.89, 300, XNAS, 9.92, 100, IEXG, 9.9, 11, XADF, 41379, 406670, 9.82792, 600, 3, 100, 1, 1, 1, 0, 0, 1, 0
1635342855868, 9.89, 300, XNAS, 9.92, 100, IEXG, 9.9, 58, XADF, 41437, 407244, 9.82802, 600, 3, 100, 1, 1, 1, 0, 0, 1, 0
1635342855869, 9.89, 300, XNAS, 9.92, 100, IEXG, 9.9, 42, XADF, 41479, 407660, 9.8281, 600, 3, 100, 1, 1, 1, 0, 0, 1, 0
1635342855869, 9.89, 300, XNAS, 9.92, 100, IEXG, 9.9, 77, XADF, 41556, 408422, 9.82823, 600, 3, 100, 1, 1, 1, 0, 0, 1, 0
1635342855869, 9.89, 300, XNAS, 9.92, 100, IEXG, 9.9, 83, XNAS, 41639, 409244, 9.82837, 600, 3, 100, 1, 1, 0, 0, 0, 1, 0
1635342855869, 9.89, 300, XNAS, 9.91, 200, XNAS, 9.9, 456, XADF, 42095, 413758, 9.82915, 600, 3, 200, 1, 0, 1, 1, 0, 0, 0
1635342855869, 9.89, 300, XNAS, 9.91, 300, XNAS, 9.9, 100, IEXG, 42195, 414748, 9.82932, 600, 3, 300, 1, 0, 1, 1, 0, 0, 0
1635342855869, 9.89, 300, XNAS, 9.91, 300, XNAS, 9.9, 44, IEXG, 42249, 415283, 9.82941, 600, 3, 300, 1, 1, 0, 1, 0, 0, 0
1635342855870, 9.89, 200, ARCX, 9.91, 300, XNAS, 9.9, 50, IEXG, 42312, 415906, 9.82951, 400, 3, 600, 4, 1, 0, 1, 0, 0, 0
1635342855870, 9.89, 200, ARCX, 9.91, 300, XNAS, 9.9, 100, XADF, 42412, 416896, 9.82968, 400, 3, 700, 5, 0, 1, 1, 0, 0, 0
1635342855870, 9.89, 100, XNAS, 9.91, 300, XNAS, 9.9, 25, XADF, 42437, 417144, 9.82972, 300, 3, 700, 5, 1, 1, 1, 0, 0, 0
1635342855870, 9.89, 100, XNAS, 9.91, 300, XNAS, 9.9, 6, IEXG, 42443, 417203, 9.82973, 300, 3, 900, 5, 1, 0, 1, 0, 0, 0
1635342855871, 9.89, 100, XNAS, 9.91, 300, IEXG, 9.9, 50, IEXG, 42493, 417698, 9.82981, 300, 3, 600, 3, 1, 0, 1, 0, 0, 0
1635342855938, 9.89, 100, XNAS, 9.91, 100, XNAS, 9.9, 100, XADF, 42618, 418936, 9.83002, 300, 3, 200, 2, 0, 1, 1, 0, 0, 0
1635342860385, 9.89, 100, XNAS, 9.91, 100, XNAS, 9.89, 39, XADF, 42657, 419321, 9.83007, 300, 3, 200, 2, 1, 1, 0, 0, 1, 0
1635342878809, 9.89, 100, ARCX, 9.91, 100, EDGA, 9.9, 100, XADF, 42757, 420311, 9.83024, 300, 3, 300, 3, 0, 1, 1, 0, 0, 0
1635342878822, 9.89, 100, ARCX, 9.91, 100, EDGA, 9.91, 100, XADF, 42857, 421302, 9.83042, 300, 3, 300, 3, 0, 1, 0, 1, 0, 0
1635342889817, 9.89, 100, MEMX, 9.91, 200, XNAS, 9.9, 89, XADF, 42946, 422183, 9.83057, 200, 2, 400, 3, 1, 1, 1, 0, 0, 0
1635342889817, 9.89, 100, MEMX, 9.91, 200, XNAS, 9.9, 11, XADF, 42957, 422292, 9.83058, 200, 2, 400, 3, 1, 1, 1, 0, 0, 0
1635342889818, 9.89, 100, MEMX, 9.91, 200, XNAS, 9.9, 100, XADF, 43057, 423282, 9.83074, 200, 2, 400, 3, 0, 1, 1, 0, 0, 0
1635342889818, 9.89, 100, MEMX, 9.91, 200, XNAS, 9.9, 25, XADF, 43082, 423530, 9.83078, 200, 2, 400, 3, 1, 1, 1, 0, 0, 0
1635342891197, 9.89, 100, MEMX, 9.91, 200, XNAS, 9.89, 5, MEMX, 43087, 423579, 9.83079, 200, 2, 400, 3, 1, 0, 0, 0, 1, 0
1635342894647, 9.89, 100, XNAS, 9.91, 200, XNAS, 9.9, 100, XADF, 43187, 424569, 9.83095, 200, 2, 200, 1, 0, 1, 1, 0, 0, 0
1635342895260, 9.89, 600, XNAS, 9.91, 200, XNAS, 9.89, 100, XNAS, 43287, 425558, 9.83109, 700, 2, 200, 1, 0, 0, 0, 0, 1, 0
1635342895260, 9.89, 500, XNAS, 9.91, 200, XNAS, 9.89, 2, XNAS, 43289, 425578, 9.83109, 600, 2, 200, 1, 1, 0, 0, 0, 1, 0
1635342895260, 9.89, 100, MEMX, 9.91, 200, XNAS, 9.89, 500, XNAS, 43789, 430523, 9.83176, 100, 1, 200, 1, 0, 1, 0, 0, 1, 0
1635342895260, 9.89, 100, MEMX, 9.9, 400, XNAS, 9.89, 100, MEMX, 43889, 431512, 9.8319, 100, 1, 400, 1, 0, 0, 0, 0, 1, 0
1635342895260, 9.89, 100, XNAS, 9.89, 100, EDGX, 9.89, 15, XNAS, 43904, 431660, 9.83192, 100, 1, 100, 1, 1, 0, 1, 0, 0, 0
1635342895260, 9.87, 100, MEMX, 9.89, 100, EDGX, 9.89, 85, XNAS, 43989, 432501, 9.83203, 100, 1, 100, 1, 1, 0, 0, 1, 0, 0
1635342895261, 9.87, 200, MEMX, 9.89, 200, EDGX, 9.89, 15, XNAS, 44004, 432649, 9.83205, 200, 1, 200, 1, 1, 0, 0, 1, 0, 0
1635342895261, 9.87, 200, MEMX, 9.89, 200, EDGX, 9.89, 2, XNAS, 44006, 432669, 9.83205, 200, 1, 200, 1, 1, 0, 0, 1, 0, 0
1635342895261, 9.87, 200, MEMX, 9.89, 200, EDGX, 9.89, 8, XNAS, 44014, 432748, 9.83206, 200, 1, 200, 1, 1, 0, 0, 1, 0, 0
1635342895261, 9.87, 200, MEMX, 9.89, 200, EDGX, 9.89, 23, XNAS, 44037, 432976, 9.83209, 200, 1, 200, 1, 1, 0, 0, 1, 0, 0
1635342895261, 9.88, 100, XNAS, 9.89, 200, EDGX, 9.89, 2, MEMX, 44139, 433986, 9.83225, 100, 1, 200, 1, 1, 0, 0, 1, 0, 0
1635342895261, 9.88, 100, XNAS, 9.89, 100, EDGX, 9.89, 15, MEMX, 44154, 434134, 9.83227, 100, 1, 100, 1, 1, 0, 0, 1, 0, 0
1635342898263, 9.86, 100, XNAS, 9.9, 300, XNAS, 9.89, 10, MEMX, 44264, 435223, 9.83243, 100, 1, 600, 3, 1, 0, 0, 1, 0, 0
1635342898263, 9.86, 100, XNAS, 9.9, 300, XNAS, 9.89, 25, MEMX, 44289, 435470, 9.83247, 100, 1, 600, 3, 1, 0, 0, 1, 0, 0
1635342911501, 9.85, 200, XNAS, 9.9, 200, XNAS, 9.8882, 28, XADF, 44317, 435747, 9.8325, 200, 1, 300, 2, 1, 1, 0, 1, 0, 0
1635342964330, 9.85, 200, XNAS, 9.89, 300, XNAS, 9.87, 1, MEMX, 44318, 435757, 9.8325, 200, 1, 600, 2, 1, 0, 1, 0, 0, 0
1635342983574, 9.85, 100, XNAS, 9.89, 300, XNAS, 9.87, 1, XADF, 44319, 435767, 9.8325, 100, 1, 600, 2, 1, 1, 1, 0, 0, 0
1635343015424, 9.85, 200, XNAS, 9.89, 300, XNAS, 9.88, 2, XNAS, 44321, 435786, 9.83251, 200, 1, 700, 3, 1, 0, 0, 1, 0, 0
1635343026619, 9.86, 400, XNAS, 9.89, 200, XNYS, 9.8828, 50, XADF, 44371, 436281, 9.83256, 1100, 5, 300, 2, 1, 1, 0, 1, 0, 0
1635343030408, 9.86, 200, ARCX, 9.89, 100, XNYS, 9.89, 100, XNYS, 44471, 437270, 9.83269, 600, 4, 200, 2, 0, 0, 0, 1, 0, 0
1635343031518, 9.87, 200, XNAS, 9.89, 100, XNYS, 9.88, 38, XNAS, 44509, 437645, 9.83273, 400, 2, 200, 2, 1, 0, 1, 0, 0, 0
1635343031518, 9.87, 200, MEMX, 9.89, 500, XNAS, 9.88, 62, XADF, 44571, 438258, 9.8328, 200, 1, 1000, 5, 1, 1, 1, 0, 0, 0
1635343052132, 9.86, 100, XNAS, 9.89, 300, XNAS, 9.89, 50, XADF, 44621, 438752, 9.83286, 200, 2, 600, 3, 1, 1, 0, 1, 0, 0
1635343061335, 9.86, 100, XNAS, 9.89, 300, XNAS, 9.8803, 40, XADF, 44661, 439147, 9.8329, 200, 2, 600, 3, 1, 1, 0, 1, 0, 0
1635343063185, 9.86, 100, XNAS, 9.89, 300, XNAS, 9.875, 10, XADF, 44671, 439246, 9.83291, 200, 2, 600, 3, 1, 1, 1, 0, 0, 0
1635343084755, 9.86, 100, XNAS, 9.89, 300, XNAS, 9.875, 28, XADF, 44699, 439523, 9.83294, 200, 2, 800, 4, 1, 1, 1, 0, 0, 0
1635343084755, 9.86, 100, XNAS, 9.89, 300, XNAS, 9.875, 62, XADF, 44761, 440135, 9.833, 200, 2, 800, 4, 1, 1, 1, 0, 0, 0
1635343084756, 9.86, 100, XNAS, 9.89, 300, XNAS, 9.875, 10, XADF, 44771, 440234, 9.83301, 200, 2, 800, 4, 1, 1, 1, 0, 0, 0
1635343084756, 9.86, 100, XNAS, 9.89, 300, XNAS, 9.875, 53, XADF, 44824, 440757, 9.83306, 200, 2, 800, 4, 1, 1, 1, 0, 0, 0
1635343084757, 9.86, 100, XNAS, 9.89, 300, XNAS, 9.875, 47, XADF, 44871, 441221, 9.8331, 200, 2, 800, 4, 1, 1, 1, 0, 0, 0
1635343084757, 9.86, 100, XNAS, 9.89, 300, XNAS, 9.875, 28, XADF, 44899, 441498, 9.83313, 200, 2, 800, 4, 1, 1, 1, 0, 0, 0
1635343084757, 9.86, 100, XNAS, 9.89, 300, XNAS, 9.875, 72, XADF, 44971, 442209, 9.83319, 200, 2, 800, 4, 1, 1, 1, 0, 0, 0
1635343084758, 9.86, 100, XNAS, 9.89, 300, XNAS, 9.875, 100, XADF, 45071, 443196, 9.83329, 200, 2, 800, 4, 0, 1, 1, 0, 0, 0
1635343084758, 9.86, 100, XNAS, 9.89, 300, XNAS, 9.875, 100, XADF, 45171, 444184, 9.83338, 200, 2, 800, 4, 0, 1, 1, 0, 0, 0
1635343084758, 9.86, 100, XNAS, 9.89, 300, XNAS, 9.875, 94, IEXG, 45265, 445112, 9.83347, 200, 2, 800, 4, 1, 0, 1, 0, 0, 0
1635343084758, 9.86, 100, XNAS, 9.89, 300, XNAS, 9.875, 6, IEXG, 45271, 445171, 9.83347, 200, 2, 800, 4, 1, 0, 1, 0, 0, 0
1635343084760, 9.86, 100, XNAS, 9.89, 300, XNAS, 9.861, 200, XBOS, 45471, 447143, 9.83359, 200, 2, 600, 3, 0, 1, 0, 0, 1, 0
1635343084766, 9.86, 100, XNAS, 9.89, 300, XNAS, 9.875, 100, XADF, 45571, 448131, 9.83368, 100, 1, 800, 4, 0, 1, 1, 0, 0, 0
1635343084767, 9.86, 100, XNAS, 9.89, 300, XNAS, 9.875, 99, XADF, 45670, 449108, 9.83377, 100, 1, 1000, 5, 1, 1, 1, 0, 0, 0
1635343105438, 9.86, 200, XNAS, 9.89, 300, XNAS, 9.86, 1, MEMX, 45672, 449128, 9.83377, 300, 2, 800, 5, 1, 0, 0, 0, 1, 0
1635343107538, 9.86, 200, XNAS, 9.89, 200, IEXG, 9.88, 1, ARCX, 45673, 449138, 9.83377, 300, 2, 600, 5, 1, 0, 0, 1, 0, 0
1635343107538, 9.86, 200, XNAS, 9.89, 200, IEXG, 9.89, 99, IEXG, 45772, 450117, 9.8339, 300, 2, 500, 4, 1, 0, 0, 1, 0, 0
1635343111497, 9.86, 200, XNAS, 9.89, 200, MEMX, 9.8792, 2, XADF, 45774, 450137, 9.8339, 400, 3, 400, 3, 1, 1, 0, 1, 0, 0
1635343122492, 9.86, 500, XNAS, 9.89, 100, XNYS, 9.875, 40, XNAS, 45814, 450532, 9.83393, 800, 3, 100, 1, 1, 0, 1, 0, 0, 0
1635343131541, 9.87, 300, XNAS, 9.89, 100, XNYS, 9.88, 60, XADF, 45874, 451125, 9.83399, 500, 2, 100, 1, 1, 1, 1, 0, 0, 0
1635343148258, 9.87, 300, XNAS, 9.89, 100, XNYS, 9.88, 3, IEXG, 45877, 451154, 9.834, 400, 2, 100, 1, 1, 0, 1, 0, 0, 0
1635343156937, 9.87, 300, XNAS, 9.89, 100, XNYS, 9.89, 1, XNAS, 45878, 451164, 9.834, 400, 2, 200, 2, 1, 0, 0, 1, 0, 0
1635343156937, 9.88, 300, XNAS, 9.89, 100, XNYS, 9.89, 130, EDGX, 46008, 452450, 9.83416, 300, 1, 100, 1, 0, 1, 0, 1, 0, 0
1635343156938, 9.88, 300, XNAS, 9.89, 100, XNYS, 9.89, 1, ARCX, 46009, 452460, 9.83416, 400, 2, 100, 1, 1, 0, 0, 1, 0, 0
1635343156938, 9.88, 300, XNAS, 9.89, 100, XNYS, 9.89, 136, XNYS, 46145, 453805, 9.83432, 400, 2, 100, 1, 0, 0, 0, 1, 0, 0
1635343156938, 9.88, 300, IEXG, 9.91, 100, XNAS, 9.9, 100, XNAS, 46245, 454795, 9.83446, 1200, 7, 100, 1, 0, 1, 0, 1, 0, 0
1635343156938, 9.88, 400, XNAS, 9.91, 500, XNAS, 9.9, 50, EDGX, 46295, 455290, 9.83454, 1400, 7, 500, 1, 1, 0, 0, 1, 0, 0
1635343177532, 9.9, 200, ARCX, 9.92, 500, XNAS, 9.91, 100, XADF, 46395, 456281, 9.8347, 500, 3, 700, 2, 0, 1, 1, 0, 0, 0
1635343177536, 9.9, 200, XNAS, 9.92, 200, MEMX, 9.91, 100, XADF, 46495, 457272, 9.83486, 500, 3, 200, 1, 0, 1, 1, 0, 0, 0
1635343177539, 9.9, 200, XNAS, 9.92, 200, MEMX, 9.9, 100, XADF, 46595, 458262, 9.835, 500, 3, 200, 1, 0, 1, 0, 0, 1, 0
1635343177540, 9.9, 200, XNAS, 9.92, 200, MEMX, 9.9, 100, XADF, 46695, 459252, 9.83514, 500, 3, 200, 1, 0, 1, 0, 0, 1, 0
1635343177541, 9.9, 200, XNAS, 9.92, 200, MEMX, 9.9, 97, IEXG, 46792, 460212, 9.83527, 400, 2, 200, 1, 1, 0, 0, 0, 1, 0
1635343177541, 9.9, 200, XNAS, 9.92, 200, MEMX, 9.9, 3, IEXG, 46795, 460242, 9.83528, 400, 2, 200, 1, 1, 0, 0, 0, 1, 0
1635343182772, 9.9, 100, XNAS, 9.92, 200, MEMX, 9.92, 100, XADF, 46895, 461234, 9.83546, 200, 2, 200, 1, 0, 1, 0, 1, 0, 0
1635343196838, 9.9, 100, XNAS, 9.93, 300, XNAS, 9.93, 100, XADF, 46995, 462227, 9.83566, 100, 1, 600, 3, 0, 1, 0, 1, 0, 0
1635343212640, 9.9, 100, XNAS, 9.92, 200, MEMX, 9.92, 300, XADF, 47295, 465203, 9.83619, 100, 1, 200, 1, 0, 1, 0, 1, 0, 0
1635343224624, 9.9, 100, XNAS, 9.93, 200, XNAS, 9.9, 2, MEMX, 47297, 465223, 9.8362, 200, 2, 300, 2, 1, 0, 0, 0, 1, 0
1635343259162, 9.87, 200, MEMX, 9.91, 300, XNAS, 9.89, 25, XADF, 47322, 465470, 9.83623, 200, 1, 800, 4, 1, 1, 1, 0, 0, 0
1635343264749, 9.86, 400, XNAS, 9.9, 200, XNAS, 9.8601, 46, XADF, 47368, 465923, 9.83625, 700, 3, 200, 1, 1, 1, 0, 0, 1, 0
1635343268775, 9.86, 400, XNAS, 9.9, 200, XNAS, 9.8814, 355, XADF, 47723, 469431, 9.83658, 700, 3, 200, 1, 0, 1, 0, 1, 0, 0
1635343273575, 9.87, 400, XNAS, 9.91, 200, IEXG, 9.8946, 143, XADF, 47866, 470846, 9.83676, 600, 2, 800, 5, 0, 1, 0, 1, 0, 0
1635343280284, 9.87, 300, XNAS, 9.91, 200, IEXG, 9.885, 200, XADF, 48066, 472823, 9.83696, 400, 2, 900, 5, 0, 1, 0, 0, 1, 0
1635343284602, 9.87, 300, XNAS, 9.91, 200, IEXG, 9.89, 200, XADF, 48266, 474801, 9.83718, 400, 2, 900, 5, 0, 1, 1, 0, 0, 0
1635343295871, 9.88, 100, XNAS, 9.9, 200, ARCX, 9.89, 1, ARCX, 48267, 474811, 9.83718, 100, 1, 200, 1, 1, 0, 1, 0, 0, 0
1635343307132, 9.88, 100, MEMX, 9.91, 100, MEMX, 9.89, 10, XADF, 48277, 474910, 9.83719, 200, 2, 300, 3, 1, 1, 0, 0, 1, 0
1635343336351, 9.88, 200, XNAS, 9.91, 200, ARCX, 9.89, 1, BATS, 48278, 474920, 9.83719, 400, 3, 300, 2, 1, 0, 0, 0, 1, 0
1635343336354, 9.89, 100, XNAS, 9.92, 2000, XNAS, 9.895, 19, XADF, 48297, 475108, 9.83721, 100, 1, 2400, 3, 1, 1, 0, 0, 1, 0
1635343398452, 9.89, 200, XNAS, 9.92, 2200, XNAS, 9.89, 25, XADF, 48322, 475355, 9.83724, 200, 1, 2700, 3, 1, 1, 0, 0, 1, 0
1635343410330, 9.89, 100, XNAS, 9.91, 200, MEMX, 9.9, 100, XADF, 48422, 476345, 9.83737, 100, 1, 300, 2, 0, 1, 1, 0, 0, 0
1635343413866, 9.89, 100, XNAS, 9.91, 200, MEMX, 9.8915, 50, XADF, 48472, 476840, 9.83743, 100, 1, 300, 2, 1, 1, 0, 0, 1, 0
1635343418008, 9.88, 100, XNAS, 9.91, 200, EDGX, 9.89, 100, XNAS, 48572, 477829, 9.83754, 100, 1, 500, 3, 0, 1, 0, 0, 1, 0
1635343418008, 9.87, 100, XNAS, 9.9, 300, XNAS, 9.89, 7, ARCX, 48579, 477898, 9.83754, 200, 2, 300, 1, 1, 0, 0, 1, 0, 0
1635343418008, 9.87, 200, MEMX, 9.89, 800, XNAS, 9.88, 10, ARCX, 48589, 477997, 9.83755, 300, 2, 800, 1, 1, 0, 1, 0, 0, 0
1635343418008, 9.87, 200, MEMX, 9.89, 800, XNAS, 9.9, 100, XADF, 48689, 478987, 9.83768, 200, 1, 1600, 6, 0, 1, 0, 1, 0, 1
1635343437428, 9.86, 200, XNAS, 9.9, 400, IEXG, 9.8996, 25, XADF, 48714, 479234, 9.83771, 400, 2, 1200, 7, 1, 1, 0, 1, 0, 0
1635343449334, 9.86, 200, EDGX, 9.88, 200, XNAS, 9.87, 1, ARCX, 48715, 479244, 9.83771, 600, 4, 200, 1, 1, 0, 1, 0, 0, 0
1635343449334, 9.86, 200, EDGX, 9.88, 200, XNAS, 9.87, 2, ARCX, 48717, 479264, 9.83771, 500, 3, 200, 1, 1, 0, 1, 0, 0, 0
1635343451461, 9.86, 100, EDGX, 9.88, 300, XNAS, 9.86, 100, EDGA, 48817, 480250, 9.83776, 100, 1, 800, 5, 0, 1, 0, 0, 1, 0
1635343451461, 9.86, 100, EDGX, 9.87, 100, XNAS, 9.86, 100, EDGX, 48917, 481236, 9.8378, 100, 1, 100, 1, 0, 0, 0, 0, 1, 0
1635343451462, 9.85, 200, MEMX, 9.87, 200, XNAS, 9.87, 100, XADF, 49017, 482223, 9.83787, 400, 2, 200, 1, 0, 1, 0, 1, 0, 0
1635343451462, 9.86, 100, XNAS, 9.87, 200, ARCX, 9.87, 22, BATY, 49039, 482440, 9.83789, 100, 1, 400, 3, 1, 0, 0, 1, 0, 0
1635343451462, 9.86, 100, XNAS, 9.87, 200, ARCX, 9.87, 37, BATS, 49076, 482805, 9.83791, 100, 1, 400, 3, 1, 0, 0, 1, 0, 0
1635343451462, 9.86, 100, XNAS, 9.87, 200, ARCX, 9.87, 41, EDGX, 49117, 483210, 9.83794, 100, 1, 200, 1, 1, 0, 0, 1, 0, 0
1635343459932, 9.86, 100, BATS, 9.88, 300, XNAS, 9.8799, 2, XADF, 49119, 483230, 9.83794, 300, 3, 500, 3, 1, 1, 0, 1, 0, 0
1635343471338, 9.86, 200, MEMX, 9.88, 200, XNAS, 9.86, 1, MEMX, 49120, 483240, 9.83794, 400, 3, 500, 4, 1, 0, 0, 0, 1, 0
1635343480017, 9.86, 100, EDGX, 9.88, 300, IEXG, 9.85, 5, XNAS, 49125, 483289, 9.83794, 200, 2, 900, 5, 1, 0, 0, 0, 1, 1
1635343480017, 9.86, 100, EDGX, 9.88, 300, IEXG, 9.85, 100, XNAS, 49225, 484274, 9.83796, 200, 2, 900, 5, 0, 1, 0, 0, 1, 1
1635343480017, 9.86, 100, EDGX, 9.87, 100, XNAS, 9.86, 100, BATS, 49325, 485260, 9.83801, 100, 1, 100, 1, 0, 1, 0, 0, 1, 0
1635343480017, 9.86, 100, EDGX, 9.87, 400, XPSX, 9.86, 22, EDGX, 49347, 485477, 9.83802, 100, 1, 500, 2, 1, 0, 0, 0, 1, 0
1635343480017, 9.84, 100, ARCX, 9.87, 400, XPSX, 9.86, 37, EDGX, 49384, 485842, 9.83803, 200, 2, 500, 2, 1, 0, 0, 1, 0, 0
1635343480017, 9.84, 100, ARCX, 9.87, 600, XNAS, 9.86, 21, EDGX, 49405, 486049, 9.83804, 200, 2, 1000, 2, 1, 0, 0, 1, 0, 0
1635343480017, 9.84, 100, ARCX, 9.87, 600, XNAS, 9.86, 20, EDGX, 49425, 486246, 9.83805, 200, 2, 1000, 2, 1, 0, 0, 1, 0, 0
1635343480017, 9.84, 100, ARCX, 9.86, 600, XNAS, 9.85, 35, ARCX, 49460, 486591, 9.83806, 100, 1, 1300, 5, 1, 0, 1, 0, 0, 0
1635343480017, 9.84, 100, ARCX, 9.86, 600, XNAS, 9.87, 100, ARCX, 49560, 487578, 9.83813, 100, 1, 1300, 5, 0, 1, 0, 1, 0, 1
1635343480019, 9.84, 600, XNAS, 9.86, 300, IEXG, 9.86, 100, BATY, 49660, 488564, 9.83817, 700, 2, 600, 4, 0, 1, 0, 1, 0, 0
1635343490743, 9.84, 200, XNAS, 9.88, 400, XNAS, 9.8541, 8, XADF, 49668, 488642, 9.83817, 400, 3, 1400, 5, 1, 1, 0, 0, 1, 0
1635343533330, 9.84, 300, XNAS, 9.86, 100, BATS, 9.86, 1, XNAS, 49669, 488652, 9.83817, 500, 3, 100, 1, 1, 0, 0, 1, 0, 0
1635343533330, 9.85, 200, XNAS, 9.87, 200, IEXG, 9.86, 1, BATS, 49670, 488662, 9.83817, 200, 1, 600, 4, 1, 0, 1, 0, 0, 0
1635343533330, 9.85, 200, XNAS, 9.87, 200, IEXG, 9.86, 100, BATS, 49770, 489648, 9.83822, 200, 1, 600, 4, 0, 1, 1, 0, 0, 0
1635343533330, 9.85, 400, XNAS, 9.87, 200, IEXG, 9.87, 100, XNAS, 49870, 490635, 9.83828, 400, 1, 500, 3, 0, 1, 0, 1, 0, 0
1635343533330, 9.86, 300, XNAS, 9.87, 400, BATS, 9.86, 100, EDGX, 49970, 491621, 9.83832, 300, 1, 600, 2, 0, 1, 0, 0, 1, 0
1635343533745, 9.86, 200, XNAS, 9.87, 400, BATS, 9.865, 100, XADF, 50070, 492608, 9.83838, 400, 3, 500, 2, 0, 1, 1, 0, 0, 0
1635343543621, 9.86, 200, XNAS, 9.87, 400, BATS, 9.86, 100, XNAS, 50170, 493594, 9.83842, 400, 3, 500, 2, 0, 0, 0, 0, 1, 0
1635343543621, 9.86, 100, MEMX, 9.87, 400, BATS, 9.86, 100, XNAS, 50270, 494580, 9.83846, 200, 2, 500, 2, 0, 1, 0, 0, 1, 0
1635343543621, 9.86, 100, MEMX, 9.87, 400, BATS, 9.86, 100, MEMX, 50370, 495566, 9.83851, 200, 2, 600, 2, 0, 0, 0, 0, 1, 0
1635343543621, 9.86, 100, ARCX, 9.87, 300, BATS, 9.86, 100, ARCX, 50470, 496552, 9.83855, 100, 1, 600, 3, 0, 0, 0, 0, 1, 0
1635343575211, 9.82, 100, ARCX, 9.86, 300, EDGX, 9.84, 10, XADF, 50480, 496650, 9.83855, 200, 2, 700, 4, 1, 1, 1, 0, 0, 0
1635343589397, 9.82, 100, XNAS, 9.86, 300, EDGX, 9.84, 812, XADF, 51292, 504640, 9.83857, 200, 2, 500, 3, 0, 1, 1, 0, 0, 0
1635343615028, 9.82, 100, ARCX, 9.85, 300, XNAS, 9.84, 100, XADF, 51392, 505624, 9.83858, 200, 2, 700, 4, 0, 1, 0, 1, 0, 0
1635343615029, 9.82, 100, ARCX, 9.85, 300, XNAS, 9.835, 100, XADF, 51492, 506608, 9.83857, 200, 2, 700, 4, 0, 1, 1, 0, 0, 0
1635343628008, 9.82, 100, ARCX, 9.83, 100, XNAS, 9.82, 10, ARCX, 51502, 506706, 9.83856, 100, 1, 100, 1, 1, 0, 0, 0, 1, 0
1635343628008, 9.81, 100, XNAS, 9.83, 100, XNAS, 9.82, 164, ARCX, 51666, 508316, 9.83851, 200, 2, 100, 1, 0, 1, 1, 0, 0, 0
1635343628009, 9.81, 100, XNAS, 9.83, 100, XNAS, 9.84, 100, XADF, 51766, 509300, 9.83851, 200, 2, 400, 4, 0, 1, 0, 1, 0, 1
1635343628114, 9.81, 100, XNAS, 9.83, 100, XNAS, 9.8101, 100, XADF, 51866, 510281, 9.83845, 200, 2, 200, 2, 0, 1, 0, 0, 1, 0
1635343628203, 9.81, 100, XNAS, 9.83, 300, ARCX, 9.83, 100, XADF, 51966, 511264, 9.83844, 200, 2, 400, 2, 0, 1, 0, 1, 0, 0
1635343630379, 9.81, 100, MEMX, 9.83, 200, ARCX, 9.83, 96, XNAS, 52072, 512306, 9.83842, 200, 2, 300, 2, 1, 0, 0, 1, 0, 0
1635343630380, 9.81, 100, MEMX, 9.83, 200, ARCX, 9.82, 1, BATS, 52073, 512316, 9.83842, 200, 2, 300, 2, 1, 0, 1, 0, 0, 0
1635343654329, 9.81, 100, ARCX, 9.83, 200, XNAS, 9.82, 1, XADF, 52074, 512326, 9.83842, 300, 3, 400, 3, 1, 1, 1, 0, 0, 0
1635343656879, 9.81, 100, ARCX, 9.83, 200, XNAS, 9.8205, 2, XADF, 52076, 512345, 9.83842, 300, 3, 400, 3, 1, 1, 0, 1, 0, 0
1635343656880, 9.81, 100, ARCX, 9.83, 200, XNAS, 9.82, 1, XADF, 52077, 512355, 9.83842, 300, 3, 400, 3, 1, 1, 1, 0, 0, 0
1635343661119, 9.81, 100, ARCX, 9.83, 400, EDGX, 9.828, 1, XADF, 52078, 512365, 9.83842, 300, 3, 700, 3, 1, 1, 0, 1, 0, 0
1635343685090, 9.81, 100, ARCX, 9.83, 300, EDGX, 9.82, 500, XADF, 52578, 517275, 9.83824, 300, 3, 500, 3, 0, 1, 1, 0, 0, 0
1635343697118, 9.81, 100, XNAS, 9.83, 300, EDGX, 9.81, 90, XADF, 52668, 518158, 9.83819, 200, 2, 400, 2, 1, 1, 0, 0, 1, 0
1635343697118, 9.81, 100, XNAS, 9.83, 300, EDGX, 9.83, 4, XNAS, 52672, 518197, 9.83819, 200, 2, 400, 2, 1, 0, 0, 1, 0, 0
1635343697118, 9.81, 100, ARCX, 9.83, 300, EDGX, 9.83, 96, XNAS, 52768, 519141, 9.83818, 200, 2, 300, 1, 1, 0, 0, 1, 0, 0
1635343697118, 9.81, 100, ARCX, 9.83, 300, EDGX, 9.83, 4, XNAS, 52772, 519180, 9.83818, 200, 2, 300, 1, 1, 0, 0, 1, 0, 0
1635343697119, 9.82, 200, XNAS, 9.83, 200, EDGX, 9.83, 100, EDGX, 52872, 520163, 9.83816, 200, 1, 200, 1, 0, 0, 0, 1, 0, 0
1635343697119, 9.82, 200, XNAS, 9.84, 200, XNAS, 9.83, 217, EDGX, 53089, 522296, 9.83813, 200, 1, 200, 1, 0, 1, 1, 0, 0, 0
1635343697119, 9.84, 100, XNAS, 9.87, 100, XNAS, 9.84, 4, EDGX, 53093, 522336, 9.83813, 100, 1, 100, 1, 1, 0, 0, 0, 1, 0
1635343697119, 9.84, 100, XNAS, 9.87, 100, XNAS, 9.85, 100, XNAS, 53193, 523321, 9.83815, 100, 1, 100, 1, 0, 1, 0, 0, 1, 0
1635343697119, 9.84, 100, MEMX, 9.88, 200, XNAS, 9.86, 20, EDGX, 53213, 523518, 9.83816, 200, 2, 400, 3, 1, 0, 1, 0, 0, 0
1635343710818, 9.85, 300, IEXG, 9.88, 400, XNAS, 9.85, 1000, XADF, 54213, 533368, 9.83838, 600, 3, 500, 2, 0, 1, 0, 0, 1, 0
1635343711017, 9.85, 200, ARCX, 9.88, 600, XNAS, 9.865, 100, IEXG, 54313, 534354, 9.83843, 400, 3, 700, 2, 0, 1, 1, 0, 0, 0
1635343711019, 9.85, 200, ARCX, 9.88, 600, XNAS, 9.865, 100, IEXG, 54413, 535341, 9.83848, 400, 3, 700, 2, 0, 1, 1, 0, 0, 0
1635343731380, 9.85, 200, ARCX, 9.88, 500, XNAS, 9.8518, 100, XADF, 54513, 536326, 9.8385, 400, 3, 1000, 4, 0, 1, 0, 0, 1, 0
1635343751952, 9.85, 200, ARCX, 9.88, 500, XNAS, 9.8562, 203, XADF, 54716, 538327, 9.83857, 400, 3, 1100, 4, 0, 1, 0, 0, 1, 0
1635343766201, 9.85, 200, ARCX, 9.87, 200, MEMX, 9.86, 1, XADF, 54717, 538337, 9.83857, 300, 2, 400, 2, 1, 1, 1, 0, 0, 0
1635343766204, 9.85, 200, ARCX, 9.87, 500, XNAS, 9.86, 25, XADF, 54742, 538583, 9.83858, 300, 2, 1000, 4, 1, 1, 1, 0, 0, 0
1635343766744, 9.85, 200, ARCX, 9.87, 200, MEMX, 9.858, 52, XADF, 54794, 539096, 9.83859, 400, 3, 300, 2, 1, 1, 0, 0, 1, 0
1635343777330, 9.85, 200, ARCX, 9.87, 100, XNAS, 9.86, 1, BATS, 54795, 539106, 9.83859, 500, 4, 100, 1, 1, 0, 1, 0, 0, 0
1635343777951, 9.85, 300, IEXG, 9.87, 100, XNAS, 9.852, 52, XADF, 54847, 539618, 9.83861, 600, 3, 100, 1, 1, 1, 0, 0, 1, 0
1635343801109, 9.85, 300, IEXG, 9.87, 100, XNAS, 9.86, 1, ARCX, 54848, 539628, 9.83861, 600, 3, 100, 1, 1, 0, 1, 0, 0, 0
1635343801535, 9.85, 300, IEXG, 9.87, 100, XNAS, 9.85, 52, XADF, 54900, 540140, 9.83862, 800, 4, 100, 1, 1, 1, 0, 0, 1, 0
1635343831402, 9.85, 200, ARCX, 9.87, 100, XNAS, 9.85, 52, XADF, 54952, 540652, 9.83863, 500, 4, 100, 1, 1, 1, 0, 0, 1, 0
1635343839571, 9.85, 200, ARCX, 9.87, 300, XNAS, 9.85, 52, XADF, 55004, 541165, 9.83864, 400, 3, 300, 1, 1, 1, 0, 0, 1, 0
1635343846431, 9.85, 200, ARCX, 9.87, 200, XCIS, 9.8527, 52, XADF, 55056, 541677, 9.83865, 300, 2, 400, 3, 1, 1, 0, 0, 1, 0
1635343865099, 9.85, 200, ARCX, 9.87, 200, XCIS, 9.86, 100, IEXG, 55156, 542663, 9.83869, 300, 2, 500, 3, 0, 1, 1, 0, 0, 0
1635343865099, 9.85, 200, ARCX, 9.87, 200, XCIS, 9.86, 100, XADF, 55256, 543649, 9.83873, 300, 2, 500, 3, 0, 1, 1, 0, 0, 0
1635343865099, 9.85, 200, ARCX, 9.87, 200, XCIS, 9.86, 100, XADF, 55356, 544635, 9.83877, 300, 2, 500, 3, 0, 1, 1, 0, 0, 0
1635343865106, 9.85, 200, ARCX, 9.87, 200, XCIS, 9.86, 100, IEXG, 55456, 545621, 9.83881, 300, 2, 500, 3, 0, 1, 1, 0, 0, 0
1635343865107, 9.85, 200, ARCX, 9.87, 200, XCIS, 9.86, 10, EDGX, 55466, 545719, 9.83881, 300, 2, 500, 3, 1, 0, 1, 0, 0, 0
1635343865116, 9.85, 200, ARCX, 9.87, 200, XCIS, 9.85, 100, XNAS, 55566, 546704, 9.83883, 300, 2, 600, 4, 0, 1, 0, 0, 1, 0
1635343865116, 9.85, 200, ARCX, 9.87, 200, XCIS, 9.85, 100, MEMX, 55666, 547689, 9.83885, 200, 1, 600, 4, 0, 1, 0, 0, 1, 0
1635343865116, 9.85, 200, ARCX, 9.86, 200, MEMX, 9.85, 206, ARCX, 55872, 549719, 9.83889, 300, 2, 200, 1, 0, 0, 0, 0, 1, 0
1635343865116, 9.84, 100, ARCX, 9.86, 300, XPSX, 9.85, 100, BATS, 55972, 550704, 9.83891, 200, 2, 1000, 7, 0, 1, 1, 0, 0, 0
1635343865116, 9.84, 100, XNAS, 9.86, 400, MEMX, 9.86, 100, XADF, 56072, 551690, 9.83895, 100, 1, 1500, 7, 0, 1, 0, 1, 0, 0
1635343866232, 9.84, 100, XNAS, 9.86, 300, IEXG, 9.842, 53, XADF, 56125, 552211, 9.83895, 100, 1, 700, 4, 1, 1, 0, 0, 1, 0
1635343871109, 9.83, 200, ARCX, 9.86, 300, IEXG, 9.84, 100, XNAS, 56225, 553195, 9.83895, 500, 3, 800, 5, 0, 1, 0, 0, 1, 0
1635343871119, 9.83, 100, MEMX, 9.85, 300, IEXG, 9.83, 100, XNAS, 56325, 554178, 9.83894, 200, 2, 1000, 5, 0, 1, 0, 0, 1, 0
1635343871119, 9.83, 100, MEMX, 9.84, 100, XNAS, 9.83, 93, ARCX, 56418, 555092, 9.83892, 100, 1, 100, 1, 1, 0, 0, 0, 1, 0
1635343871120, 9.83, 100, XNAS, 9.84, 100, MEMX, 9.84, 100, ARCX, 56518, 556076, 9.83893, 100, 1, 100, 1, 0, 1, 0, 1, 0, 0
1635343871120, 9.83, 100, XNAS, 9.85, 100, BATY, 9.84, 100, XADF, 56618, 557060, 9.83893, 200, 2, 200, 2, 0, 1, 1, 0, 0, 0
1635343871350, 9.83, 200, MEMX, 9.85, 100, BATY, 9.84, 105, XADF, 56723, 558094, 9.83893, 300, 2, 400, 4, 0, 1, 1, 0, 0, 0
1635343871851, 9.83, 200, MEMX, 9.85, 100, BATY, 9.83, 49, XADF, 56772, 558575, 9.83892, 300, 2, 400, 4, 1, 1, 0, 0, 1, 0
1635343871851, 9.83, 200, MEMX, 9.85, 100, BATY, 9.84, 49, XADF, 56821, 559057, 9.83892, 300, 2, 400, 4, 1, 1, 1, 0, 0, 0
1635343894691, 9.83, 200, MEMX, 9.85, 200, XNAS, 9.85, 3, BATY, 56824, 559087, 9.83892, 300, 2, 400, 3, 1, 0, 0, 1, 0, 0
1635343898335, 9.83, 200, MEMX, 9.85, 700, XNAS, 9.83, 100, XNAS, 56924, 560070, 9.83891, 300, 2, 1100, 4, 0, 0, 0, 0, 1, 0
1635343898335, 9.8, 1400, BATS, 9.84, 500, XNAS, 9.83, 100, MEMX, 57024, 561053, 9.83889, 1600, 3, 800, 2, 0, 1, 0, 1, 0, 0
1635343898335, 9.81, 200, XNAS, 9.84, 500, XNAS, 9.84, 100, ARCX, 57124, 562037, 9.83889, 300, 2, 1500, 6, 0, 1, 0, 1, 0, 0
1635343898468, 9.83, 100, MEMX, 9.84, 400, XNAS, 9.835, 100, IEXG, 57224, 563020, 9.83889, 100, 1, 1100, 5, 0, 1, 1, 0, 0, 0
1635343903764, 9.83, 100, MEMX, 9.84, 300, XNAS, 9.83, 100, MEMX, 57324, 564003, 9.83887, 100, 1, 700, 4, 0, 0, 0, 0, 1, 0
1635343906250, 9.81, 100, XNAS, 9.84, 300, XNAS, 9.81, 1, XADF, 57325, 564013, 9.83887, 200, 2, 600, 3, 1, 1, 0, 0, 1, 0
1635343913730, 9.81, 100, XNAS, 9.84, 500, XNAS, 9.84, 35, XADF, 57360, 564358, 9.83887, 200, 2, 1000, 4, 1, 1, 0, 1, 0, 0
1635343959538, 9.81, 200, XNAS, 9.84, 600, XNAS, 9.81, 1, XADF, 57361, 564367, 9.83887, 400, 2, 1000, 4, 1, 1, 0, 0, 1, 0
1635343976201, 9.81, 200, MEMX, 9.84, 700, XNAS, 9.81, 1, XADF, 57362, 564377, 9.83887, 300, 2, 1100, 4, 1, 1, 0, 0, 1, 0
1635343997869, 9.81, 200, XNAS, 9.84, 600, XNAS, 9.81, 5, XADF, 57367, 564426, 9.83887, 300, 2, 1000, 4, 1, 1, 0, 0, 1, 0
1635344006548, 9.81, 200, XNAS, 9.84, 600, XNAS, 9.8291, 10, XADF, 57377, 564525, 9.83887, 200, 1, 900, 3, 1, 1, 0, 1, 0, 0
1635344012110, 9.82, 200, MEMX, 9.84, 600, XNAS, 9.83, 1, BATS, 57378, 564534, 9.83887, 300, 2, 900, 3, 1, 0, 1, 0, 0, 0
1635344013086, 9.82, 200, MEMX, 9.84, 200, XNAS, 9.84, 100, XNAS, 57478, 565518, 9.83887, 300, 2, 300, 2, 0, 0, 0, 1, 0, 0
1635344013086, 9.82, 200, MEMX, 9.84, 100, EDGX, 9.84, 100, XNAS, 57578, 566502, 9.83887, 300, 2, 100, 1, 0, 1, 0, 1, 0, 0
1635344013086, 9.82, 200, MEMX, 9.84, 100, EDGX, 9.84, 258, XNAS, 57836, 569041, 9.83888, 300, 2, 100, 1, 0, 1, 0, 1, 0, 0
1635344013086, 9.82, 200, MEMX, 9.84, 100, EDGX, 9.84, 1, XNAS, 57837, 569051, 9.83888, 300, 2, 100, 1, 1, 0, 0, 1, 0, 0
1635344013086, 9.82, 200, MEMX, 9.84, 100, EDGX, 9.84, 459, XNAS, 58296, 573568, 9.83888, 300, 2, 100, 1, 0, 1, 0, 1, 0, 0
1635344013086, 9.82, 200, MEMX, 9.84, 100, EDGX, 9.84, 266, XNAS, 58562, 576185, 9.83889, 300, 2, 100, 1, 0, 1, 0, 1, 0, 0
1635344013086, 9.82, 200, MEMX, 9.84, 100, EDGX, 9.84, 40, EDGX, 58602, 576579, 9.83889, 300, 2, 100, 1, 1, 0, 0, 1, 0, 0
1635344013086, 9.84, 200, XNAS, 9.84, 100, MEMX, 9.84, 60, EDGX, 58662, 577169, 9.83889, 200, 1, 100, 1, 1, 0, 1, 0, 0, 0
1635344013086, 9.84, 200, XNAS, 9.85, 200, XNAS, 9.84, 9, MEMX, 58671, 577258, 9.83889, 200, 1, 300, 2, 1, 0, 0, 0, 1, 0
1635344013086, 9.84, 200, XNAS, 9.85, 200, XNAS, 9.84, 9, MEMX, 58680, 577346, 9.83889, 200, 1, 300, 2, 1, 0, 0, 0, 1, 0
1635344013086, 9.84, 200, XNAS, 9.85, 200, XNAS, 9.84, 9, MEMX, 58689, 577435, 9.83889, 200, 1, 300, 2, 1, 0, 0, 0, 1, 0
1635344013086, 9.84, 200, XNAS, 9.85, 200, XNAS, 9.84, 82, MEMX, 58771, 578242, 9.83889, 200, 1, 300, 2, 1, 0, 0, 0, 1, 0
1635344013086, 9.84, 200, XNAS, 9.85, 100, ARCX, 9.85, 100, XNAS, 58871, 579227, 9.83891, 200, 1, 100, 1, 0, 1, 0, 1, 0, 0
1635344013086, 9.84, 200, XNAS, 9.85, 100, ARCX, 9.85, 88, XNAS, 58963, 580133, 9.83893, 300, 2, 100, 1, 1, 0, 0, 1, 0, 0
1635344013086, 9.84, 200, XNAS, 9.85, 100, ARCX, 9.85, 12, XNAS, 58975, 580251, 9.83893, 300, 2, 100, 1, 1, 0, 0, 1, 0, 0
1635344013086, 9.84, 200, XNAS, 9.86, 100, ARCX, 9.85, 3, ARCX, 58978, 580281, 9.83893, 400, 3, 100, 1, 1, 0, 1, 0, 0, 0
1635344022160, 9.84, 100, XNAS, 9.87, 200, XNAS, 9.8508, 9, XADF, 58987, 580369, 9.83893, 200, 2, 400, 2, 1, 1, 0, 0, 1, 0
1635344032541, 9.84, 100, EDGA, 9.87, 200, MEMX, 9.85, 140, EDGX, 59127, 581748, 9.83896, 100, 1, 200, 1, 0, 1, 0, 0, 1, 0
1635344071981, 9.83, 200, MEMX, 9.87, 200, XNAS, 9.8546, 2, XADF, 59129, 581768, 9.83896, 400, 3, 300, 2, 1, 1, 0, 1, 0, 0
1635344081548, 9.84, 200, ARCX, 9.87, 200, MEMX, 9.85, 10, EDGX, 59139, 581866, 9.83896, 200, 1, 400, 2, 1, 0, 0, 0, 1, 0
1635344081866, 9.83, 200, MEMX, 9.86, 300, XNAS, 9.86, 38, XADF, 59177, 582241, 9.83898, 300, 2, 1000, 6, 1, 1, 0, 1, 0, 0
1635344082023, 9.83, 200, MEMX, 9.86, 300, XNAS, 9.845, 100, XADF, 59277, 583226, 9.83899, 300, 2, 1000, 6, 0, 1, 1, 0, 0, 0
1635344116378, 9.82, 100, MEMX, 9.85, 700, EDGX, 9.82, 1, XADF, 59278, 583235, 9.83899, 200, 2, 1100, 3, 1, 1, 0, 0, 1, 0
1635344120498, 9.82, 100, XNAS, 9.85, 700, EDGX, 9.8201, 2, XADF, 59280, 583255, 9.83898, 200, 2, 2100, 6, 1, 1, 0, 0, 1, 0
1635344123352, 9.82, 100, MEMX, 9.85, 700, EDGX, 9.84, 10, XADF, 59290, 583353, 9.83898, 200, 2, 1900, 5, 1, 1, 0, 1, 0, 0
1635344126498, 9.82, 200, MEMX, 9.85, 700, EDGX, 9.82, 1, XADF, 59291, 583363, 9.83898, 300, 2, 1800, 5, 1, 1, 0, 0, 1, 0
1635344134438, 9.82, 200, MEMX, 9.85, 700, EDGX, 9.85, 38, XBOS, 59330, 583747, 9.83899, 300, 2, 1800, 5, 1, 0, 0, 1, 0, 0
1635344134717, 9.82, 100, XNAS, 9.85, 700, EDGX, 9.8227, 52, XADF, 59382, 584258, 9.83898, 200, 2, 1800, 5, 1, 1, 0, 0, 1, 0
1635344134825, 9.82, 100, XNAS, 9.85, 700, EDGX, 9.835, 1, XADF, 59383, 584268, 9.83898, 200, 2, 1800, 5, 1, 1, 1, 0, 0, 0
1635344149761, 9.82, 100, XNAS, 9.85, 700, EDGX, 9.8308, 1, XADF, 59384, 584278, 9.83898, 200, 2, 2000, 6, 1, 1, 0, 0, 1, 0
1635344151053, 9.82, 100, XNAS, 9.85, 700, EDGX, 9.835, 1, XADF, 59385, 584288, 9.83898, 200, 2, 1500, 5, 1, 1, 1, 0, 0, 0
1635344176599, 9.82, 100, XNAS, 9.85, 700, EDGX, 9.835, 25, XADF, 59512, 585536, 9.83896, 200, 2, 1600, 5, 1, 1, 1, 0, 0, 0
1635344176820, 9.82, 100, XNAS, 9.85, 700, EDGX, 9.84, 1, MEMX, 59513, 585546, 9.83896, 200, 2, 1500, 4, 1, 0, 0, 1, 0, 0
1635344176820, 9.83, 300, MEMX, 9.85, 700, EDGX, 9.84, 1, BATS, 59514, 585556, 9.83896, 300, 1, 1500, 4, 1, 0, 1, 0, 0, 0
1635344176820, 9.83, 300, MEMX, 9.85, 700, EDGX, 9.84, 1, BATS, 59515, 585566, 9.83896, 400, 2, 1500, 4, 1, 0, 1, 0, 0, 0
1635344176820, 9.84, 500, XNAS, 9.85, 700, EDGX, 9.84, 2, XNAS, 59517, 585585, 9.83896, 500, 1, 1500, 4, 1, 0, 0, 0, 1, 0
1635344176821, 9.83, 200, XNAS, 9.85, 700, EDGX, 9.835, 10, XADF, 59527, 585684, 9.83896, 400, 3, 800, 2, 1, 1, 0, 0, 1, 0
1635344176900, 9.82, 200, ARCX, 9.85, 700, EDGX, 9.83, 4, XADF, 59531, 585723, 9.83896, 500, 3, 700, 1, 1, 1, 0, 0, 1, 0
1635344192228, 9.82, 100, ARCX, 9.85, 700, EDGX, 9.835, 25, XADF, 59556, 585969, 9.83896, 300, 3, 1300, 3, 1, 1, 1, 0, 0, 0
1635344221310, 9.82, 100, ARCX, 9.85, 500, EDGX, 9.85, 183, EDGX, 59739, 587772, 9.83899, 300, 3, 800, 3, 0, 0, 0, 1, 0, 0
1635344221310, 9.82, 100, ARCX, 9.85, 500, EDGX, 9.85, 24, MEMX, 59763, 588008, 9.839, 300, 3, 800, 3, 1, 0, 0, 1, 0, 0
1635344222152, 9.83, 100, XNAS, 9.85, 500, EDGX, 9.84, 1, BATS, 59764, 588018, 9.839, 100, 1, 700, 2, 1, 0, 1, 0, 0, 0
1635344243704, 9.83, 200, XNAS, 9.85, 500, EDGX, 9.85, 208, XNAS, 59972, 590067, 9.83904, 300, 2, 500, 1, 0, 1, 0, 1, 0, 0
1635344243704, 9.83, 200, XNAS, 9.85, 500, EDGX, 9.85, 1, XNAS, 59973, 590076, 9.83904, 300, 2, 500, 1, 1, 0, 0, 1, 0, 0
1635344243704, 9.84, 300, XNAS, 9.85, 500, EDGX, 9.85, 101, XNAS, 60074, 591071, 9.83905, 300, 1, 500, 1, 0, 1, 0, 1, 0, 0
1635344243704, 9.84, 300, XNAS, 9.86, 200, XNAS, 9.85, 588, EDGX, 60662, 596863, 9.83916, 300, 1, 300, 2, 0, 1, 1, 0, 0, 0
1635344243705, 9.84, 300, XNAS, 9.86, 100, XNAS, 9.86, 83, XNAS, 60745, 597681, 9.83919, 800, 5, 200, 2, 1, 0, 0, 1, 0, 0
1635344243705, 9.84, 300, XNAS, 9.86, 100, ARCX, 9.86, 168, XNAS, 60913, 599338, 9.83925, 800, 5, 100, 1, 0, 1, 0, 1, 0, 0
1635344243705, 9.86, 100, MEMX, 9.87, 100, ARCX, 9.87, 39, XNAS, 60952, 599723, 9.83927, 100, 1, 100, 1, 1, 0, 0, 1, 0, 0
1635344243706, 9.86, 200, XNYS, 9.88, 200, MEMX, 9.87, 5, EDGX, 60957, 599772, 9.83927, 400, 3, 200, 1, 1, 0, 1, 0, 0, 0
1635344263513, 9.86, 100, MEMX, 9.89, 600, XNAS, 9.86, 50, XADF, 61007, 600265, 9.83928, 300, 3, 900, 3, 1, 1, 0, 0, 1, 0
1635344270440, 9.86, 100, XNAS, 9.89, 600, XNAS, 9.8675, 44, XADF, 61051, 600699, 9.83931, 400, 4, 600, 1, 1, 1, 0, 0, 1, 0
1635344295698, 9.86, 100, XASE, 9.89, 700, XNAS, 9.89, 2, XADF, 61053, 600719, 9.83931, 400, 4, 800, 2, 1, 1, 0, 1, 0, 0
1635344326120, 9.86, 100, ARCX, 9.89, 600, XNAS, 9.86, 1, MEMX, 61054, 600729, 9.83931, 300, 3, 800, 3, 1, 0, 0, 0, 1, 0
1635344334329, 9.86, 100, ARCX, 9.89, 700, XNAS, 9.89, 100, XADF, 61154, 601718, 9.83939, 300, 3, 900, 3, 0, 1, 0, 1, 0, 0
1635344367727, 9.86, 100, XASE, 9.88, 100, XNAS, 9.86, 1, XADF, 61155, 601728, 9.83939, 400, 4, 200, 2, 1, 1, 0, 0, 1, 0
1635344390582, 9.86, 100, ARCX, 9.88, 200, XNAS, 9.87, 1, BATS, 61156, 601738, 9.83939, 300, 3, 300, 2, 1, 0, 1, 0, 0, 0
1635344396125, 9.86, 200, MEMX, 9.88, 200, XNAS, 9.86, 1, MEMX, 61157, 601748, 9.83939, 400, 3, 300, 2, 1, 0, 0, 0, 1, 0
1635344432113, 9.86, 100, ARCX, 9.88, 200, XNAS, 9.87, 1, ARCX, 61158, 601758, 9.83939, 200, 2, 300, 2, 1, 0, 1, 0, 0, 0
1635344498632, 9.86, 100, ARCX, 9.88, 200, XNAS, 9.88, 100, XADF, 61258, 602746, 9.83946, 200, 2, 300, 2, 0, 1, 0, 1, 0, 0
1635344501113, 9.86, 100, ARCX, 9.88, 200, XNAS, 9.87, 1, MEMX, 61259, 602755, 9.83946, 200, 2, 300, 2, 1, 0, 1, 0, 0, 0
1635344509335, 9.86, 100, ARCX, 9.88, 200, BATS, 9.86, 100, XNAS, 61359, 603741, 9.83949, 100, 1, 500, 3, 0, 1, 0, 0, 1, 0
1635344509335, 9.86, 100, ARCX, 9.87, 300, XNAS, 9.86, 99, MEMX, 61458, 604718, 9.83953, 100, 1, 500, 2, 1, 0, 0, 0, 1, 0
1635344509335, 9.85, 100, ARCX, 9.87, 300, XNAS, 9.86, 100, ARCX, 61558, 605704, 9.83956, 100, 1, 500, 2, 0, 1, 1, 0, 0, 0
1635344509335, 9.85, 100, ARCX, 9.87, 300, XNAS, 9.86, 10, ARCX, 61568, 605802, 9.83956, 100, 1, 500, 2, 1, 0, 1, 0, 0, 0
1635344509335, 9.86, 100, MEMX, 9.87, 700, XNAS, 9.86, 100, MEMX, 61668, 606788, 9.83959, 100, 1, 1300, 4, 0, 0, 0, 0, 1, 0
1635344509335, 9.85, 100, ARCX, 9.86, 100, ARCX, 9.87, 100, XADF, 61768, 607775, 9.83964, 200, 2, 200, 2, 0, 1, 0, 1, 0, 1
1635344509336, 9.85, 100, ARCX, 9.86, 100, ARCX, 9.86, 100, XADF, 61868, 608761, 9.83968, 300, 3, 200, 2, 0, 1, 0, 1, 0, 0
1635344509336, 9.85, 100, ARCX, 9.86, 100, ARCX, 9.87, 100, XADF, 61968, 609748, 9.83973, 300, 3, 100, 1, 0, 1, 0, 1, 0, 1
1635344512340, 9.86, 100, MEMX, 9.87, 100, MEMX, 9.86, 1, ARCX, 61969, 609758, 9.83973, 200, 2, 100, 1, 1, 0, 0, 0, 1, 0
1635344518851, 9.86, 100, XNAS, 9.88, 200, ARCX, 9.86, 1, XADF, 61970, 609768, 9.83973, 300, 3, 600, 3, 1, 1, 0, 0, 1, 0
1635344519146, 9.87, 100, XNAS, 9.88, 200, IEXG, 9.87, 8, EDGX, 61978, 609847, 9.83973, 100, 1, 400, 2, 1, 0, 0, 0, 1, 0
1635344528648, 9.86, 100, ARCX, 9.88, 200, BATS, 9.868, 2, XADF, 61980, 609867, 9.83973, 400, 4, 500, 3, 1, 1, 0, 0, 1, 0
1635344591434, 9.87, 200, MEMX, 9.88, 200, BATS, 9.88, 50, XADF, 62030, 610361, 9.83976, 400, 3, 400, 3, 1, 1, 0, 1, 0, 0
1635344591436, 9.87, 200, MEMX, 9.88, 200, BATS, 9.8757, 50, XADF, 62080, 610854, 9.83979, 400, 3, 400, 3, 1, 1, 0, 1, 0, 0
1635344591437, 9.87, 200, MEMX, 9.88, 200, BATS, 9.88, 50, XNAS, 62130, 611348, 9.83983, 400, 3, 300, 2, 1, 0, 0, 1, 0, 0
1635344591437, 9.87, 200, MEMX, 9.88, 200, BATS, 9.88, 50, XNAS, 62180, 611842, 9.83986, 400, 3, 300, 2, 1, 0, 0, 1, 0, 0
1635344591437, 9.87, 200, MEMX, 9.88, 200, BATS, 9.88, 1, XNAS, 62181, 611852, 9.83986, 400, 3, 300, 2, 1, 0, 0, 1, 0, 0
1635344591437, 9.87, 200, XNAS, 9.88, 200, BATS, 9.88, 100, MEMX, 62281, 612840, 9.83992, 500, 3, 200, 1, 0, 1, 0, 1, 0, 0
1635344591437, 9.87, 400, MEMX, 9.9, 600, XNAS, 9.88, 264, BATS, 62545, 615449, 9.84009, 900, 3, 600, 1, 0, 1, 0, 0, 1, 0
1635344591437, 9.87, 500, XNAS, 9.9, 600, XNAS, 9.88, 1, BATS, 62546, 615458, 9.84009, 1000, 3, 600, 1, 1, 0, 0, 0, 1, 0
1635344591438, 9.88, 200, XNAS, 9.9, 700, XNAS, 9.88, 1, IEXG, 62547, 615468, 9.84009, 800, 5, 1100, 3, 1, 0, 0, 0, 1, 0
1635344608202, 9.88, 200, MEMX, 9.91, 700, XNAS, 9.881, 540, XADF, 63087, 620804, 9.84044, 600, 3, 1100, 3, 0, 1, 0, 0, 1, 0
1635344623302, 9.89, 100, ARCX, 9.9, 100, ARCX, 9.9, 100, EDGA, 63187, 621794, 9.84054, 200, 2, 200, 2, 0, 1, 0, 1, 0, 0
1635344653785, 9.89, 200, MEMX, 9.9, 100, ARCX, 9.89, 50, XNAS, 63237, 622289, 9.84058, 300, 2, 300, 3, 1, 0, 0, 0, 1, 0
1635344653785, 9.89, 200, MEMX, 9.9, 100, ARCX, 9.89, 50, XNAS, 63287, 622783, 9.84062, 300, 2, 300, 3, 1, 0, 0, 0, 1, 0
1635344653785, 9.89, 200, MEMX, 9.9, 100, ARCX, 9.89, 17, XNAS, 63304, 622951, 9.84063, 300, 2, 300, 3, 1, 0, 0, 0, 1, 0
1635344653786, 9.89, 200, MEMX, 9.9, 300, MEMX, 9.89, 37, ARCX, 63341, 623317, 9.84066, 200, 1, 900, 5, 1, 0, 0, 0, 1, 0
1635344653786, 9.89, 200, MEMX, 9.9, 300, MEMX, 9.89, 89, ARCX, 63430, 624197, 9.84073, 200, 1, 900, 5, 1, 0, 0, 0, 1, 0
1635344653786, 9.89, 100, MEMX, 9.9, 300, MEMX, 9.89, 100, MEMX, 63530, 625186, 9.8408, 100, 1, 900, 5, 0, 0, 0, 0, 1, 0
1635344653786, 9.89, 100, MEMX, 9.9, 200, MEMX, 9.895, 10, XADF, 63540, 625285, 9.84081, 100, 1, 500, 3, 1, 1, 1, 0, 0, 0
1635344653786, 9.89, 100, MEMX, 9.9, 200, MEMX, 9.89, 100, MEMX, 63640, 626274, 9.84089, 100, 1, 500, 3, 0, 0, 0, 0, 1, 0
1635344653786, 9.88, 100, XNAS, 9.9, 200, ARCX, 9.89, 10, BATS, 63650, 626373, 9.8409, 300, 3, 500, 3, 1, 0, 1, 0, 0, 0
1635344653787, 9.88, 100, ARCX, 9.89, 100, MEMX, 9.89, 92, MEMX, 63742, 627283, 9.84097, 300, 3, 100, 1, 1, 0, 0, 1, 0, 0
1635344676127, 9.89, 200, IEXG, 9.9, 200, MEMX, 9.895, 1, IEXG, 63878, 628629, 9.84108, 400, 2, 400, 3, 1, 0, 1, 0, 0, 0
1635344681558, 9.89, 200, IEXG, 9.9, 200, MEMX, 9.8908, 20, XADF, 63898, 628826, 9.8411, 400, 2, 500, 3, 1, 1, 0, 0, 1, 0
1635344684596, 9.89, 200, IEXG, 9.9, 200, MEMX, 9.9, 7, XADF, 63905, 628896, 9.8411, 400, 2, 500, 3, 1, 1, 0, 1, 0, 0
1635344689172, 9.89, 200, IEXG, 9.9, 200, MEMX, 9.895, 10, XADF, 63915, 628995, 9.84111, 400, 2, 500, 3, 1, 1, 1, 0, 0, 0
1635344689172, 9.89, 200, IEXG, 9.9, 200, MEMX, 9.895, 20, XADF, 63935, 629192, 9.84113, 400, 2, 500, 3, 1, 1, 1, 0, 0, 0
1635344697546, 9.89, 200, IEXG, 9.9, 100, ARCX, 9.895, 100, XADF, 64035, 630182, 9.84121, 400, 2, 200, 2, 0, 1, 1, 0, 0, 0
1635344700592, 9.89, 200, IEXG, 9.9, 200, MEMX, 9.895, 100, XADF, 64135, 631171, 9.8413, 400, 2, 400, 3, 0, 1, 1, 0, 0, 0
1635344700592, 9.89, 200, IEXG, 9.9, 200, MEMX, 9.895, 100, XADF, 64235, 632161, 9.84138, 400, 2, 400, 3, 0, 1, 1, 0, 0, 0
1635344700593, 9.89, 200, IEXG, 9.9, 200, MEMX, 9.895, 300, XADF, 64535, 635129, 9.84163, 400, 2, 400, 3, 0, 1, 1, 0, 0, 0
1635344700593, 9.89, 200, IEXG, 9.9, 200, MEMX, 9.895, 40, XADF, 64575, 635525, 9.84166, 400, 2, 400, 3, 1, 1, 1, 0, 0, 0
1635344700596, 9.89, 200, IEXG, 9.9, 200, MEMX, 9.895, 100, XADF, 64675, 636515, 9.84174, 400, 2, 400, 3, 0, 1, 1, 0, 0, 0
1635344700605, 9.89, 200, IEXG, 9.9, 200, MEMX, 9.89, 100, XADF, 64775, 637504, 9.84182, 400, 2, 400, 3, 0, 1, 0, 0, 1, 0
1635344700607, 9.89, 200, IEXG, 9.9, 200, MEMX, 9.89, 160, MEMX, 64935, 639086, 9.84194, 400, 2, 400, 3, 0, 0, 0, 0, 1, 0
1635344709781, 9.89, 200, IEXG, 9.9, 200, MEMX, 9.895, 50, XADF, 64985, 639581, 9.84198, 200, 1, 400, 3, 1, 1, 1, 0, 0, 0
1635344711284, 9.89, 200, IEXG, 9.9, 200, MEMX, 9.9, 100, XNAS, 65085, 640571, 9.84207, 400, 2, 300, 2, 0, 1, 0, 1, 0, 0
1635344711284, 9.89, 200, IEXG, 9.9, 200, MEMX, 9.9, 1, XNAS, 65086, 640581, 9.84207, 400, 2, 300, 2, 1, 0, 0, 1, 0, 0
1635344711284, 9.89, 200, IEXG, 9.9, 200, MEMX, 9.9, 101, XNAS, 65187, 641581, 9.84216, 400, 2, 300, 2, 0, 1, 0, 1, 0, 0
1635344711284, 9.89, 200, IEXG, 9.9, 200, MEMX, 9.9, 101, XNAS, 65288, 642581, 9.84225, 400, 2, 300, 2, 0, 1, 0, 1, 0, 0
1635344711284, 9.89, 200, IEXG, 9.9, 200, MEMX, 9.9, 1, BATS, 65289, 642591, 9.84225, 300, 2, 300, 2, 1, 0, 0, 1, 0, 0
1635344711284, 9.89, 200, IEXG, 9.9, 100, ARCX, 9.9, 99, MEMX, 65388, 643571, 9.84234, 300, 2, 200, 2, 1, 0, 0, 1, 0, 0
1635344711284, 9.89, 200, IEXG, 9.9, 100, ARCX, 9.9, 50, XNAS, 65438, 644066, 9.84238, 300, 2, 200, 2, 1, 0, 0, 1, 0, 0
1635344711284, 9.89, 200, IEXG, 9.9, 100, ARCX, 9.9, 1, MEMX, 65439, 644076, 9.84238, 400, 3, 200, 2, 1, 0, 0, 1, 0, 0
1635344711284, 9.89, 300, MEMX, 9.9, 100, ARCX, 9.9, 50, XNAS, 65489, 644571, 9.84242, 1000, 6, 100, 1, 1, 0, 0, 1, 0, 0
1635344711284, 9.89, 300, MEMX, 9.9, 100, ARCX, 9.9, 100, XNAS, 65589, 645561, 9.84251, 1000, 6, 100, 1, 0, 1, 0, 1, 0, 0
1635344711284, 9.89, 300, MEMX, 9.9, 100, ARCX, 9.9, 23, XNAS, 65612, 645788, 9.84253, 1000, 6, 100, 1, 1, 0, 0, 1, 0, 0
1635344711284, 9.89, 300, MEMX, 9.9, 100, ARCX, 9.9, 7, XNAS, 65619, 645858, 9.84254, 1000, 6, 100, 1, 1, 0, 0, 1, 0, 0
1635344711284, 9.89, 300, MEMX, 9.9, 100, ARCX, 9.9, 50, XNAS, 65669, 646353, 9.84258, 1200, 6, 100, 1, 1, 0, 0, 1, 0, 0
1635344711285, 9.89, 300, MEMX, 9.9, 100, XNAS, 9.9, 100, ARCX, 65769, 647343, 9.84267, 1200, 6, 100, 1, 0, 1, 0, 1, 0, 0
1635344772649, 9.89, 200, XNAS, 9.91, 200, XNAS, 9.91, 1, XADF, 65770, 647352, 9.84267, 200, 1, 500, 3, 1, 1, 0, 1, 0, 0
1635344782736, 9.89, 100, XNAS, 9.9, 100, MEMX, 9.89, 900, XADF, 66670, 656253, 9.84331, 100, 1, 200, 2, 0, 1, 0, 0, 1, 0
1635344782740, 9.89, 100, XNAS, 9.9, 200, XNAS, 9.895, 20, XADF, 66690, 656451, 9.84333, 100, 1, 300, 2, 1, 1, 1, 0, 0, 0
1635344785509, 9.88, 100, ARCX, 9.9, 200, XNAS, 9.89, 10, XNAS, 66700, 656550, 9.84333, 300, 3, 300, 2, 1, 0, 1, 0, 0, 0
1635344785509, 9.88, 100, ARCX, 9.9, 200, XNAS, 9.89, 50, XNAS, 66750, 657045, 9.84337, 300, 3, 300, 2, 1, 0, 1, 0, 0, 0
1635344785509, 9.88, 100, ARCX, 9.9, 200, XNAS, 9.89, 22, XNAS, 66772, 657262, 9.84338, 300, 3, 300, 2, 1, 0, 1, 0, 0, 0
1635344785509, 9.88, 100, ARCX, 9.9, 200, XNAS, 9.89, 100, XNAS, 66872, 658251, 9.84345, 300, 3, 300, 2, 0, 1, 1, 0, 0, 0
1635344785510, 9.88, 200, XNAS, 9.9, 400, XNAS, 9.89, 67, MEMX, 66939, 658914, 9.8435, 400, 3, 500, 2, 1, 0, 1, 0, 0, 0
1635344785510, 9.88, 200, XNAS, 9.9, 400, XNAS, 9.89, 36, BATS, 66975, 659270, 9.84352, 400, 3, 500, 2, 1, 0, 1, 0, 0, 0
1635344785510, 9.88, 200, XNAS, 9.9, 300, XNAS, 9.895, 36, IEXG, 67011, 659626, 9.84355, 400, 3, 500, 2, 1, 0, 0, 1, 0, 0
1635344785510, 9.88, 200, XNAS, 9.9, 300, XNAS, 9.89, 23, MEMX, 67034, 659854, 9.84357, 400, 3, 1000, 4, 1, 0, 1, 0, 0, 0
1635344785510, 9.88, 200, MEMX, 9.9, 300, XNAS, 9.895, 100, XADF, 67134, 660843, 9.84364, 400, 3, 1000, 4, 0, 1, 0, 1, 0, 0
1635344785510, 9.88, 200, MEMX, 9.9, 300, XNAS, 9.89, 11, ARCX, 67145, 660952, 9.84365, 400, 3, 1100, 5, 1, 0, 1, 0, 0, 0
1635344785510, 9.88, 100, XNAS, 9.9, 200, XNAS, 9.89, 2, XNAS, 67147, 660972, 9.84365, 300, 3, 900, 6, 1, 0, 1, 0, 0, 0
1635344785511, 9.88, 100, MEMX, 9.9, 200, MEMX, 9.89, 100, XADF, 67289, 662376, 9.84375, 300, 3, 500, 3, 0, 1, 1, 0, 0, 0
1635344785511, 9.88, 100, XNAS, 9.9, 200, MEMX, 9.9, 100, EDGX, 67389, 663366, 9.84384, 300, 3, 400, 2, 0, 1, 0, 1, 0, 0
1635344785511, 9.9, 100, XNAS, 9.9, 200, MEMX, 9.9, 100, MEMX, 67489, 664356, 9.84392, 100, 1, 300, 2, 0, 0, 1, 0, 0, 0
1635344785511, 9.9, 100, XNAS, 9.9, 200, MEMX, 9.9, 1, BATS, 67490, 664366, 9.84392, 100, 1, 300, 2, 1, 0, 1, 0, 0, 0
1635344785511, 9.9, 200, MEMX, 9.92, 2000, XNAS, 9.9, 100, ARCX, 67590, 665356, 9.844, 300, 2, 2000, 1, 0, 1, 0, 0, 1, 0
1635344797366, 9.9, 100, MEMX, 9.92, 2200, XNAS, 9.9016, 1, XADF, 67591, 665366, 9.84401, 200, 2, 2500, 3, 1, 1, 0, 0, 1, 0
1635344801390, 9.9, 100, MEMX, 9.92, 2200, XNAS, 9.9, 64, IEXG, 67655, 666000, 9.84406, 200, 2, 2300, 2, 1, 0, 0, 0, 1, 0
1635344801390, 9.9, 100, MEMX, 9.92, 2200, XNAS, 9.9, 36, IEXG, 67691, 666356, 9.84409, 200, 2, 2300, 2, 1, 0, 0, 0, 1, 0
1635344801390, 9.9, 100, MEMX, 9.92, 2200, XNAS, 9.9, 100, XADF, 67791, 667346, 9.84417, 200, 2, 2300, 2, 0, 1, 0, 0, 1, 0
1635344801390, 9.9, 100, MEMX, 9.92, 2200, XNAS, 9.9, 2, XNAS, 67793, 667366, 9.84417, 200, 2, 2300, 2, 1, 0, 0, 0, 1, 0
1635344801390, 9.9, 100, MEMX, 9.92, 2200, XNAS, 9.9, 1, XNAS, 67794, 667376, 9.84417, 200, 2, 2300, 2, 1, 0, 0, 0, 1, 0
1635344801390, 9.9, 100, MEMX, 9.92, 2200, XNAS, 9.9, 10, XNAS, 67804, 667475, 9.84418, 200, 2, 2300, 2, 1, 0, 0, 0, 1, 0
1635344801390, 9.9, 100, MEMX, 9.91, 200, XNAS, 9.9, 32, BATY, 67836, 667792, 9.84421, 200, 2, 200, 1, 1, 0, 0, 0, 1, 0
1635344801390, 9.9, 100, MEMX, 9.91, 200, XNAS, 9.9, 100, BATS, 67936, 668782, 9.84429, 100, 1, 200, 1, 0, 1, 0, 0, 1, 0
1635344801390, 9.9, 100, MEMX, 9.91, 200, XNAS, 9.9, 100, MEMX, 68036, 669772, 9.84437, 100, 1, 200, 1, 0, 0, 0, 0, 1, 0
1635344801390, 9.9, 100, MEMX, 9.91, 200, XNAS, 9.9, 18, MEMX, 68054, 669950, 9.84439, 100, 1, 200, 1, 1, 0, 0, 0, 1, 0
1635344801390, 9.9, 100, MEMX, 9.91, 200, XNAS, 9.9, 33, BATS, 68087, 670277, 9.84441, 100, 1, 200, 1, 1, 0, 0, 0, 1, 0
1635344801391, 9.89, 300, IEXG, 9.91, 500, XNAS, 9.9, 100, XADF, 68227, 671663, 9.84453, 400, 2, 1300, 5, 0, 1, 1, 0, 0, 0
1635344801391, 9.88, 200, BATS, 9.91, 300, XNAS, 9.9, 100, XADF, 68327, 672653, 9.84461, 300, 2, 800, 5, 0, 1, 0, 1, 0, 0
1635344801391, 9.88, 200, BATS, 9.91, 300, XNAS, 9.9, 60, XADF, 68387, 673247, 9.84466, 500, 3, 400, 2, 1, 1, 0, 1, 0, 0
1635344801392, 9.89, 200, MEMX, 9.91, 300, XNAS, 9.9, 34, XNAS, 68421, 673583, 9.84468, 200, 1, 500, 2, 1, 0, 1, 0, 0, 0
1635344801392, 9.89, 200, MEMX, 9.91, 300, XNAS, 9.9, 19, EDGX, 68440, 673771, 9.8447, 200, 1, 500, 2, 1, 0, 1, 0, 0, 0
1635344801401, 9.89, 200, MEMX, 9.91, 200, XNAS, 9.9, 27, BATS, 68467, 674039, 9.84472, 200, 1, 200, 1, 1, 0, 1, 0, 0, 0
1635344801412, 9.89, 200, MEMX, 9.91, 500, XNAS, 9.89, 100, MEMX, 68567, 675028, 9.84479, 200, 1, 2000, 7, 0, 0, 0, 0, 1, 0
1635344801412, 9.89, 200, MEMX, 9.91, 500, XNAS, 9.89, 100, MEMX, 68667, 676017, 9.84485, 200, 1, 2000, 7, 0, 0, 0, 0, 1, 0
1635344801412, 9.88, 200, BATS, 9.91, 500, XNAS, 9.89, 31, BATY, 68698, 676323, 9.84487, 500, 3, 2000, 7, 1, 0, 0, 0, 1, 0
1635344801432, 9.88, 100, BATS, 9.89, 100, XNAS, 9.88, 100, BATS, 68798, 677311, 9.84492, 300, 3, 100, 1, 0, 0, 0, 0, 1, 0
1635344801432, 9.88, 100, BATS, 9.89, 100, XNAS, 9.88, 100, BATS, 68898, 678299, 9.84498, 300, 3, 100, 1, 0, 0, 0, 0, 1, 0
1635344801432, 9.87, 100, IEXG, 9.89, 100, XNAS, 9.88, 100, ARCX, 68998, 679287, 9.84503, 200, 2, 200, 2, 0, 1, 1, 0, 0, 0
1635344801433, 9.86, 700, XNAS, 9.89, 200, MEMX, 9.88, 100, ARCX, 69098, 680275, 9.84508, 1700, 7, 300, 2, 0, 1, 0, 1, 0, 0
1635344801433, 9.86, 700, XNAS, 9.89, 100, XNAS, 9.88, 100, XADF, 69198, 681263, 9.84513, 1800, 6, 100, 1, 0, 1, 0, 1, 0, 0
1635344801447, 9.86, 500, IEXG, 9.89, 200, IEXG, 9.863, 200, XBOS, 69398, 683236, 9.84518, 1200, 6, 400, 3, 0, 1, 0, 0, 1, 0
1635344801449, 9.86, 300, IEXG, 9.89, 200, IEXG, 9.86, 100, XNAS, 69498, 684222, 9.8452, 800, 5, 600, 4, 0, 0, 0, 0, 1, 0
1635344801449, 9.86, 300, IEXG, 9.89, 200, IEXG, 9.86, 100, XNAS, 69598, 685208, 9.84522, 700, 4, 600, 4, 0, 1, 0, 0, 1, 0
1635344801449, 9.86, 300, IEXG, 9.88, 200, XNAS, 9.86, 100, MEMX, 69698, 686194, 9.84524, 600, 3, 200, 1, 0, 1, 0, 0, 1, 0
1635344801449, 9.86, 300, IEXG, 9.88, 200, XNAS, 9.86, 100, BATS, 69798, 687180, 9.84526, 500, 3, 200, 1, 0, 0, 0, 0, 1, 0
1635344801449, 9.86, 300, IEXG, 9.88, 200, XNAS, 9.86, 100, BATS, 69898, 688166, 9.84529, 300, 1, 200, 1, 0, 1, 0, 0, 1, 0
1635344801449, 9.86, 300, IEXG, 9.88, 200, XNAS, 9.86, 100, EDGX, 69998, 689152, 9.84531, 300, 1, 200, 1, 0, 1, 0, 0, 1, 0
1635344801449, 9.86, 100, MEMX, 9.88, 200, XNAS, 9.875, 100, XADF, 70098, 690139, 9.84535, 100, 1, 300, 2, 0, 1, 0, 1, 0, 0
1635344801450, 9.85, 600, XNAS, 9.87, 200, MEMX, 9.86, 100, XADF, 70198, 691125, 9.84537, 1500, 6, 200, 1, 0, 1, 1, 0, 0, 0
1635344801450, 9.85, 600, XNAS, 9.87, 200, MEMX, 9.87, 7, MEMX, 70205, 691194, 9.84537, 1500, 6, 300, 2, 1, 0, 0, 1, 0, 0
1635344801450, 9.86, 200, XNAS, 9.87, 300, IEXG, 9.87, 39, BATS, 70244, 691579, 9.84539, 200, 1, 500, 2, 1, 0, 0, 1, 0, 0
1635344801450, 9.86, 200, XNAS, 9.87, 300, IEXG, 9.87, 54, EDGX, 70298, 692112, 9.8454, 200, 1, 500, 2, 1, 0, 0, 1, 0, 0
1635344801461, 9.86, 300, XNAS, 9.88, 300, IEXG, 9.861, 200, XBOS, 70498, 694084, 9.84545, 900, 6, 700, 3, 0, 1, 0, 0, 1, 0
1635344801461, 9.86, 300, XNAS, 9.88, 300, IEXG, 9.861, 100, ARCX, 70598, 695071, 9.84547, 800, 5, 700, 3, 0, 1, 0, 0, 1, 0
1635344801462, 9.86, 300, XNAS, 9.88, 300, IEXG, 9.86, 16, XPSX, 70614, 695228, 9.84547, 500, 3, 700, 3, 1, 0, 0, 0, 1, 0
1635344801462, 9.86, 200, XNAS, 9.88, 300, IEXG, 9.86, 33, XADF, 70647, 695554, 9.84548, 300, 2, 700, 3, 1, 1, 0, 0, 1, 0
1635344801463, 9.86, 100, ARCX, 9.88, 300, IEXG, 9.86, 100, XNAS, 70747, 696540, 9.8455, 200, 2, 700, 3, 0, 0, 0, 0, 1, 0
1635344801463, 9.86, 100, ARCX, 9.88, 300, IEXG, 9.86, 100, XNAS, 70847, 697526, 9.84552, 100, 1, 700, 3, 0, 1, 0, 0, 1, 0
1635344801463, 9.86, 100, ARCX, 9.88, 300, IEXG, 9.86, 19, XNAS, 70866, 697713, 9.84553, 100, 1, 700, 3, 1, 0, 0, 0, 1, 0
1635344801463, 9.86, 100, ARCX, 9.87, 200, XNAS, 9.86, 100, ARCX, 70998, 699015, 9.84555, 100, 1, 300, 2, 0, 0, 0, 0, 1, 0
1635344801467, 9.85, 400, EDGX, 9.87, 300, IEXG, 9.85, 6693, XADF, 77691, 764941, 9.84594, 600, 2, 700, 3, 0, 1, 0, 0, 1, 0
1635344801478, 9.85, 400, EDGX, 9.87, 300, IEXG, 9.86, 100, XADF, 77791, 765927, 9.84595, 600, 2, 600, 3, 0, 1, 1, 0, 0, 0
1635344801478, 9.85, 400, EDGX, 9.87, 300, IEXG, 9.86, 100, IEXG, 77891, 766913, 9.84597, 600, 2, 600, 3, 0, 1, 1, 0, 0, 0
1635344801480, 9.85, 400, EDGX, 9.87, 300, IEXG, 9.86, 100, XADF, 77991, 767899, 9.84599, 600, 2, 600, 3, 0, 1, 1, 0, 0, 0
1635344801485, 9.85, 400, EDGX, 9.87, 300, IEXG, 9.86, 100, IEXG, 78091, 768885, 9.84601, 600, 2, 600, 3, 0, 1, 1, 0, 0, 0
1635344802420, 9.85, 400, EDGX, 9.87, 300, IEXG, 9.86, 100, XADF, 78191, 769871, 9.84603, 600, 2, 800, 4, 0, 1, 1, 0, 0, 0
1635344821313, 9.85, 400, EDGX, 9.87, 300, IEXG, 9.8661, 100, XADF, 78191, 769871, 9.84603, 400, 1, 1000, 5, 0, 1, 0, 1, 0, 0
1635344846378, 9.85, 400, EDGX, 9.87, 300, IEXG, 9.8516, 46, XADF, 78237, 770324, 9.84603, 400, 1, 900, 5, 1, 1, 0, 0, 1, 0
1635344860223, 9.85, 400, EDGX, 9.87, 300, IEXG, 9.85, 22, XNAS, 78259, 770540, 9.84603, 500, 2, 1200, 7, 1, 0, 0, 0, 1, 0
1635344860224, 9.85, 400, EDGX, 9.86, 200, XNAS, 9.85, 12, BATS, 78271, 770659, 9.84603, 500, 2, 200, 1, 1, 0, 0, 0, 1, 0
1635344860224, 9.85, 100, MEMX, 9.86, 400, XPSX, 9.85, 400, EDGX, 78671, 774599, 9.84605, 100, 1, 700, 2, 0, 1, 0, 0, 1, 0
1635344860224, 9.85, 100, MEMX, 9.86, 800, XNAS, 9.85, 10, EDGX, 78681, 774697, 9.84605, 100, 1, 1200, 2, 1, 0, 0, 0, 1, 0
1635344860224, 9.85, 100, MEMX, 9.86, 800, XNAS, 9.85, 10, ARCX, 78691, 774796, 9.84605, 100, 1, 1400, 4, 1, 0, 0, 0, 1, 0
1635344860224, 9.85, 100, MEMX, 9.86, 800, XNAS, 9.85, 100, MEMX, 78791, 775781, 9.84606, 100, 1, 1700, 6, 0, 0, 0, 0, 1, 0
1635344860224, 9.84, 500, ARCX, 9.85, 200, MEMX, 9.85, 10, BATS, 78801, 775879, 9.84606, 600, 2, 300, 2, 1, 0, 0, 1, 0, 0
1635344860225, 9.84, 500, ARCX, 9.85, 200, MEMX, 9.84, 17, XNAS, 78818, 776046, 9.84606, 500, 1, 300, 2, 1, 0, 0, 0, 1, 0
1635344860225, 9.84, 500, ARCX, 9.85, 200, MEMX, 9.84, 47, XNAS, 78865, 776509, 9.84605, 500, 1, 300, 2, 1, 0, 0, 0, 1, 0
1635344860225, 9.84, 500, ARCX, 9.85, 200, MEMX, 9.84, 53, XNAS, 78918, 777030, 9.84605, 500, 1, 300, 2, 1, 0, 0, 0, 1, 0
1635344860225, 9.84, 500, ARCX, 9.85, 500, XNAS, 9.84, 75, ARCX, 78993, 777768, 9.84604, 500, 1, 1300, 5, 1, 0, 0, 0, 1, 0
1635344860225, 9.84, 400, ARCX, 9.85, 500, XNAS, 9.84, 300, ARCX, 79293, 780720, 9.84602, 400, 1, 1300, 5, 0, 0, 0, 0, 1, 0
1635344860225, 9.84, 100, ARCX, 9.85, 500, XNAS, 9.84, 75, ARCX, 79368, 781458, 9.84601, 100, 1, 1300, 5, 1, 0, 0, 0, 1, 0
1635344860225, 9.83, 100, XNAS, 9.85, 500, XNAS, 9.84, 69, ARCX, 79437, 782137, 9.84601, 100, 1, 1300, 5, 1, 0, 1, 0, 0, 0
1635344860225, 9.84, 100, MEMX, 9.85, 500, XNAS, 9.86, 100, XADF, 79537, 783123, 9.84603, 100, 1, 1400, 6, 0, 1, 0, 1, 0, 1
1635344860226, 9.84, 100, MEMX, 9.85, 200, MEMX, 9.84, 18, MEMX, 79555, 783301, 9.84603, 100, 1, 600, 4, 1, 0, 0, 0, 1, 0
1635344860226, 9.83, 600, XNAS, 9.85, 300, MEMX, 9.84, 6, MEMX, 79561, 783360, 9.84602, 600, 1, 600, 3, 1, 0, 1, 0, 0, 0
1635344860228, 9.83, 700, XNAS, 9.85, 300, MEMX, 9.85, 25, XADF, 79661, 784345, 9.84604, 700, 1, 500, 3, 1, 1, 0, 1, 0, 0
1635344860247, 9.85, 100, XNAS, 9.86, 100, XNAS, 9.855, 100, XADF, 79761, 785331, 9.84605, 300, 3, 100, 1, 0, 1, 1, 0, 0, 0
1635344860275, 9.85, 100, XNAS, 9.86, 100, XNAS, 9.86, 100, XADF, 79861, 786317, 9.84607, 300, 3, 100, 1, 0, 1, 0, 1, 0, 0
1635344860305, 9.85, 100, XNAS, 9.86, 100, XNAS, 9.855, 100, XADF, 79961, 787302, 9.84608, 300, 3, 100, 1, 0, 1, 1, 0, 0, 0
1635344862333, 9.85, 100, EDGA, 9.86, 200, XNAS, 9.8586, 200, XADF, 80161, 789274, 9.84611, 300, 3, 300, 2, 0, 1, 0, 1, 0, 0
1635344882677, 9.85, 300, IEXG, 9.86, 100, EDGX, 9.86, 100, XNAS, 80261, 790260, 9.84613, 600, 4, 100, 1, 0, 1, 0, 1, 0, 0
1635344882678, 9.85, 400, XNAS, 9.86, 100, EDGX, 9.86, 1, MEMX, 80262, 790270, 9.84613, 900, 4, 100, 1, 1, 0, 0, 1, 0, 0
1635344882678, 9.85, 400, XNAS, 9.87, 100, ARCX, 9.86, 100, EDGX, 80362, 791256, 9.84614, 1000, 4, 100, 1, 0, 1, 1, 0, 0, 0
1635344882678, 9.86, 100, XNAS, 9.87, 200, XNAS, 9.86, 1, ARCX, 80363, 791266, 9.84614, 100, 1, 300, 2, 1, 0, 0, 0, 1, 0
1635344882678, 9.86, 100, XNAS, 9.87, 200, XNAS, 9.87, 4, ARCX, 80367, 791305, 9.84615, 100, 1, 300, 2, 1, 0, 0, 1, 0, 0
1635344885283, 9.86, 100, EDGA, 9.87, 100, EDGX, 9.87, 100, XNAS, 80467, 792292, 9.84617, 400, 4, 100, 1, 0, 1, 0, 1, 0, 0
1635344885283, 9.86, 100, EDGA, 9.89, 100, XNAS, 9.87, 2, EDGX, 80469, 792312, 9.84618, 400, 4, 100, 1, 1, 0, 0, 0, 1, 0
1635344885283, 9.87, 300, XNAS, 9.89, 100, XNAS, 9.87, 98, EDGX, 80567, 793279, 9.8462, 300, 1, 100, 1, 1, 0, 0, 0, 1, 0
1635344885283, 9.87, 300, XNAS, 9.89, 200, XNAS, 9.87, 98, EDGX, 80665, 794246, 9.84623, 300, 1, 200, 1, 1, 0, 0, 0, 1, 0
1635344885283, 9.87, 300, XNAS, 9.89, 100, XNAS, 9.87, 2, EDGX, 80667, 794266, 9.84623, 300, 1, 100, 1, 1, 0, 0, 0, 1, 0
1635344894018, 9.87, 300, IEXG, 9.9, 200, XBOS, 9.88, 4, MEMX, 80671, 794306, 9.84624, 700, 4, 300, 2, 1, 0, 0, 0, 1, 0
1635344896107, 9.87, 300, IEXG, 9.9, 200, XBOS, 9.885, 21, XADF, 80692, 794513, 9.84625, 800, 5, 500, 3, 1, 1, 1, 0, 0, 0
1635344912286, 9.87, 300, IEXG, 9.9, 300, MEMX, 9.885, 1, XADF, 80693, 794523, 9.84625, 800, 5, 500, 3, 1, 1, 1, 0, 0, 0
1635344932186, 9.87, 200, XNAS, 9.9, 100, ARCX, 9.88, 1, XADF, 80694, 794533, 9.84625, 500, 4, 400, 4, 1, 1, 0, 0, 1, 0
1635344940923, 9.87, 200, XNAS, 9.9, 100, ARCX, 9.87, 3, XADF, 80697, 794563, 9.84625, 500, 4, 500, 5, 1, 1, 0, 0, 1, 0
1635344942649, 9.87, 200, XNAS, 9.9, 100, ARCX, 9.89, 1, BATS, 80698, 794573, 9.84625, 500, 4, 500, 5, 1, 0, 0, 1, 0, 0
1635344944320, 9.87, 200, XNAS, 9.9, 100, ARCX, 9.8806, 46, XADF, 80744, 795027, 9.84627, 700, 5, 300, 3, 1, 1, 0, 0, 1, 0
1635344954093, 9.87, 200, XNAS, 9.9, 300, XNAS, 9.885, 100, IEXG, 80844, 796016, 9.84632, 600, 5, 900, 5, 0, 1, 1, 0, 0, 0
1635344954093, 9.87, 200, XNAS, 9.9, 300, XNAS, 9.885, 100, XADF, 80944, 797004, 9.84636, 600, 5, 900, 5, 0, 1, 1, 0, 0, 0
1635344954094, 9.87, 200, XNAS, 9.9, 300, XNAS, 9.885, 100, XADF, 81044, 797993, 9.84641, 600, 5, 600, 3, 0, 1, 1, 0, 0, 0
1635344954094, 9.87, 200, XNAS, 9.9, 300, XNAS, 9.885, 100, XADF, 81144, 798981, 9.84646, 600, 5, 600, 3, 0, 1, 1, 0, 0, 0
1635344954095, 9.87, 200, XNAS, 9.9, 300, XNAS, 9.885, 100, IEXG, 81244, 799970, 9.84651, 700, 5, 1300, 5, 0, 1, 1, 0, 0, 0
1635344954096, 9.87, 200, XNAS, 9.9, 400, BATS, 9.885, 100, IEXG, 81344, 800958, 9.84655, 500, 4, 1700, 6, 0, 1, 1, 0, 0, 0
1635344954098, 9.87, 200, XNAS, 9.9, 400, BATS, 9.885, 100, XADF, 81444, 801947, 9.8466, 500, 4, 1700, 6, 0, 1, 1, 0, 0, 0
1635344956261, 9.87, 200, XNAS, 9.9, 300, XNAS, 9.87, 1, XADF, 81445, 801956, 9.8466, 700, 5, 1100, 6, 1, 1, 0, 0, 1, 0
1635344962713, 9.87, 200, XNAS, 9.9, 300, XNAS, 9.8999, 31, XADF, 81476, 802263, 9.84662, 700, 5, 1100, 6, 1, 1, 0, 1, 0, 0
1635344968695, 9.87, 200, XNAS, 9.9, 300, XNAS, 9.885, 100, XADF, 81576, 803252, 9.84667, 700, 5, 1300, 7, 0, 1, 1, 0, 0, 0
1635344987690, 9.87, 100, BATS, 9.88, 300, XNAS, 9.875, 2, XNAS, 81578, 803272, 9.84667, 200, 2, 300, 1, 1, 0, 1, 0, 0, 0
1635344993579, 9.87, 100, BATS, 9.88, 300, XNAS, 9.8799, 10, XADF, 81588, 803370, 9.84667, 300, 3, 300, 1, 1, 1, 0, 1, 0, 0
1635344997949, 9.87, 100, BATS, 9.88, 300, XNAS, 9.88, 50, XADF, 81638, 803864, 9.84669, 300, 3, 300, 1, 1, 1, 0, 1, 0, 0
1635345015105, 9.87, 100, BATS, 9.88, 300, XNAS, 9.875, 9300, XADF, 90938, 895702, 9.84959, 300, 3, 400, 2, 0, 1, 1, 0, 0, 0
1635345019083, 9.87, 100, XNAS, 9.88, 100, XNAS, 9.875, 100, XADF, 91038, 896689, 9.84962, 300, 3, 200, 2, 0, 1, 1, 0, 0, 0
1635345019085, 9.87, 100, XNAS, 9.88, 100, XNAS, 9.875, 5, IEXG, 91043, 896739, 9.84962, 300, 3, 200, 2, 1, 0, 1, 0, 0, 0
1635345019085, 9.87, 100, XNAS, 9.88, 100, XNAS, 9.875, 100, XADF, 91143, 897726, 9.84965, 300, 3, 200, 2, 0, 1, 1, 0, 0, 0
1635345019089, 9.87, 100, XNAS, 9.88, 100, XNAS, 9.87, 1, XADF, 91144, 897736, 9.84965, 300, 3, 200, 2, 1, 1, 0, 0, 1, 0
1635345020066, 9.87, 100, XNAS, 9.88, 100, XNAS, 9.875, 100, XADF, 91244, 898724, 9.84967, 300, 3, 200, 2, 0, 1, 1, 0, 0, 0
1635345020066, 9.87, 100, XNAS, 9.88, 100, XNAS, 9.875, 100, XADF, 91344, 899711, 9.8497, 300, 3, 200, 2, 0, 1, 1, 0, 0, 0
1635345023588, 9.87, 100, XNAS, 9.88, 100, XNAS, 9.8744, 127, XADF, 91471, 900965, 9.84974, 300, 3, 200, 2, 0, 1, 0, 0, 1, 0
1635345026405, 9.87, 100, BATS, 9.88, 500, XNAS, 9.875, 1, XADF, 91472, 900975, 9.84974, 300, 3, 800, 3, 1, 1, 1, 0, 0, 0
1635345032731, 9.87, 100, BATS, 9.88, 500, XNAS, 9.875, 1, XNAS, 91473, 900985, 9.84974, 300, 3, 700, 3, 1, 0, 1, 0, 0, 0
1635345033635, 9.87, 100, BATS, 9.88, 500, XNAS, 9.8708, 11, XADF, 91484, 901093, 9.84974, 300, 3, 700, 3, 1, 1, 0, 0, 1, 0
1635345038403, 9.87, 100, BATS, 9.88, 500, XNAS, 9.875, 10, XADF, 91494, 901192, 9.84974, 300, 3, 600, 2, 1, 1, 1, 0, 0, 0
1635345048952, 9.87, 100, BATS, 9.88, 500, XNAS, 9.875, 100, XNAS, 91594, 902180, 9.84977, 300, 3, 700, 3, 0, 1, 1, 0, 0, 0
1635345048952, 9.87, 100, BATS, 9.88, 500, XNAS, 9.87, 156, XNAS, 91750, 903719, 9.8498, 300, 3, 700, 3, 0, 0, 0, 0, 1, 0
1635345048952, 9.87, 100, BATS, 9.88, 500, XNAS, 9.87, 26, XNAS, 91776, 903976, 9.84981, 200, 2, 700, 3, 1, 0, 0, 0, 1, 0
1635345048952, 9.87, 100, MEMX, 9.88, 600, XNAS, 9.87, 13, MEMX, 91789, 904104, 9.84981, 100, 1, 800, 3, 1, 0, 0, 0, 1, 0
1635345048952, 9.87, 100, MEMX, 9.88, 600, XNAS, 9.87, 100, MEMX, 91889, 905091, 9.84983, 100, 1, 800, 3, 0, 0, 0, 0, 1, 0
1635345048952, 9.87, 100, MEMX, 9.88, 600, XNAS, 9.87, 100, BATS, 91989, 906078, 9.84986, 100, 1, 800, 3, 0, 1, 0, 0, 1, 0
1635345048952, 9.87, 100, MEMX, 9.88, 600, XNAS, 9.87, 2, EDGX, 91991, 906098, 9.84986, 100, 1, 800, 3, 1, 0, 0, 0, 1, 0
1635345048952, 9.86, 300, XNAS, 9.88, 600, XNAS, 9.87, 13, BATS, 92004, 906226, 9.84986, 400, 2, 800, 3, 1, 0, 1, 0, 0, 0
1635345048952, 9.86, 100, ARCX, 9.87, 200, XNAS, 9.87, 13, BATS, 92017, 906355, 9.84986, 200, 2, 200, 1, 1, 0, 0, 1, 0, 0
1635345048952, 9.87, 100, BATS, 9.87, 200, XNAS, 9.87, 49, MEMX, 92066, 906838, 9.84987, 100, 1, 200, 1, 1, 0, 1, 0, 0, 0
1635345048952, 9.87, 100, BATS, 9.87, 200, XNAS, 9.87, 2, MEMX, 92068, 906858, 9.84987, 100, 1, 200, 1, 1, 0, 1, 0, 0, 0
1635345048952, 9.87, 100, BATS, 9.87, 200, XNAS, 9.87, 38, BATS, 92106, 907233, 9.84988, 100, 1, 400, 2, 1, 0, 1, 0, 0, 0
1635345048952, 9.87, 100, BATS, 9.87, 200, XNAS, 9.87, 13, BATS, 92119, 907361, 9.84988, 100, 1, 400, 2, 1, 0, 1, 0, 0, 0
1635345048952, 9.86, 100, XNAS, 9.87, 200, XNAS, 9.87, 24, BATS, 92143, 907598, 9.84989, 100, 1, 400, 2, 1, 0, 0, 1, 0, 0
1635345048952, 9.86, 100, XNAS, 9.87, 200, XNAS, 9.875, 100, XADF, 92243, 908586, 9.84992, 100, 1, 500, 3, 0, 1, 0, 1, 0, 1
1635345048953, 9.86, 100, XNAS, 9.87, 200, XNAS, 9.87, 49, BATS, 92394, 910077, 9.84995, 100, 1, 300, 2, 1, 0, 0, 1, 0, 0
1635345052831, 9.86, 100, XNAS, 9.88, 700, XNAS, 9.87, 17, EDGX, 92411, 910245, 9.84996, 100, 1, 1700, 7, 1, 0, 1, 0, 0, 0
1635345057650, 9.86, 100, XNAS, 9.88, 600, XNAS, 9.87, 1, XADF, 92412, 910254, 9.84996, 100, 1, 1400, 6, 1, 1, 1, 0, 0, 0
1635345059990, 9.86, 100, XNAS, 9.88, 600, XNAS, 9.88, 5, XADF, 92417, 910304, 9.84996, 100, 1, 1400, 7, 1, 1, 0, 1, 0, 0
1635345061241, 9.86, 100, XNAS, 9.88, 600, XNAS, 9.87, 1, XADF, 92418, 910314, 9.84996, 100, 1, 1700, 8, 1, 1, 1, 0, 0, 0
1635345065062, 9.86, 100, XNAS, 9.87, 100, XNAS, 9.87, 14, BATS, 92432, 910452, 9.84996, 100, 1, 100, 1, 1, 0, 0, 1, 0, 0
1635345065062, 9.86, 100, XNAS, 9.87, 200, XNAS, 9.87, 1, EDGX, 92433, 910462, 9.84996, 100, 1, 200, 1, 1, 0, 0, 1, 0, 0
1635345065062, 9.86, 100, XNAS, 9.87, 200, XNAS, 9.86, 20, XNAS, 92453, 910659, 9.84997, 100, 1, 200, 1, 1, 0, 0, 0, 1, 0
1635345065062, 9.85, 100, XNAS, 9.87, 200, XNAS, 9.86, 100, XNAS, 92553, 911645, 9.84998, 100, 1, 200, 1, 0, 1, 1, 0, 0, 0
1635345065062, 9.85, 100, XNAS, 9.87, 200, XNAS, 9.86, 12, XNAS, 92565, 911763, 9.84998, 100, 1, 200, 1, 1, 0, 1, 0, 0, 0
1635345065062, 9.86, 100, BATS, 9.87, 900, XNAS, 9.86, 28, BATS, 92593, 912039, 9.84998, 200, 2, 1900, 6, 1, 0, 0, 0, 1, 0
1635345065062, 9.86, 100, MEMX, 9.87, 900, XNAS, 9.86, 28, BATS, 92621, 912315, 9.84998, 100, 1, 2100, 7, 1, 0, 0, 0, 1, 0
1635345065062, 9.86, 100, MEMX, 9.87, 900, XNAS, 9.86, 72, BATS, 92693, 913025, 9.84999, 100, 1, 2400, 7, 1, 0, 0, 0, 1, 0
1635345065062, 9.84, 200, XNAS, 9.86, 200, EDGX, 9.87, 100, XADF, 92793, 914012, 9.85001, 400, 3, 400, 3, 0, 1, 0, 1, 0, 1
1635345065064, 9.84, 200, XNAS, 9.86, 300, IEXG, 9.87, 9, XADF, 92802, 914101, 9.85002, 500, 3, 800, 5, 1, 1, 0, 1, 0, 1
1635345065517, 9.84, 200, MEMX, 9.86, 300, IEXG, 9.86, 2, XADF, 92804, 914121, 9.85002, 800, 5, 1000, 5, 1, 1, 0, 1, 0, 0
1635345088491, 9.84, 300, XNAS, 9.86, 300, XNAS, 9.85, 797, XADF, 93601, 921971, 9.85002, 700, 4, 600, 3, 0, 1, 1, 0, 0, 0
1635345098303, 9.84, 300, XNAS, 9.86, 300, XNAS, 9.85, 70, XADF, 93671, 922661, 9.85002, 700, 4, 900, 5, 1, 1, 1, 0, 0, 0
1635345105474, 9.84, 300, XNAS, 9.86, 300, XNAS, 9.86, 1, BATS, 93672, 922671, 9.85002, 700, 4, 1100, 5, 1, 0, 0, 1, 0, 0
1635345105474, 9.85, 100, XNAS, 9.86, 300, IEXG, 9.86, 1, EDGX, 93673, 922681, 9.85002, 100, 1, 1000, 5, 1, 0, 0, 1, 0, 0
1635345105474, 9.85, 200, XNAS, 9.86, 300, IEXG, 9.86, 29, ARCX, 93702, 922966, 9.85002, 500, 4, 800, 4, 1, 0, 0, 1, 0, 0
1635345105474, 9.85, 200, XNAS, 9.86, 300, IEXG, 9.86, 194, ARCX, 93896, 924879, 9.85004, 500, 4, 800, 4, 0, 1, 0, 1, 0, 0
1635345105475, 9.85, 100, MEMX, 9.86, 100, MEMX, 9.86, 100, XNAS, 93996, 925865, 9.85005, 300, 3, 200, 2, 0, 1, 0, 1, 0, 0
1635345105475, 9.85, 100, MEMX, 9.86, 100, MEMX, 9.86, 1, XNAS, 93997, 925875, 9.85005, 300, 3, 200, 2, 1, 0, 0, 1, 0, 0
1635345105475, 9.85, 100, MEMX, 9.86, 100, MEMX, 9.86, 175, XNAS, 94172, 927601, 9.85007, 300, 3, 200, 2, 0, 1, 0, 1, 0, 0
1635345105475, 9.85, 700, XNAS, 9.86, 100, MEMX, 9.86, 25, XNAS, 94197, 927847, 9.85007, 1200, 4, 200, 2, 1, 0, 0, 1, 0, 0
