timestamp, bid_price, bid_size, bid_exchange, ask_price, ask_size, ask_exchange, trade_price, trade_size, trade_exchange, volume, notional_volume, vwap, nbb_agg_size, nbb_no_of_exchange, nbo_agg_size, nbo_no_of_exchange, is_odd_lot, is_hidden_order, is_mid_order, is_buy_order, is_sell_order, is_trade_through 
1635341400803, 23, 100, ARCX, 23.3, 100, BATS, 23.02, 2232, XNYS, 2232, 51380.6, 23.02, 100, 1, 100, 1, 0, 1, 0, 0, 1, 0
1635341406000, 23, 500, XNYS, 23.42, 100, EDGX, 23.15, 1, XADF, 2233, 51403.8, 23.0201, 700, 3, 100, 1, 1, 1, 0, 0, 1, 0
1635341581801, 23.01, 100, XNYS, 23.37, 1000, IEXG, 23.01, 200, XNYS, 2433, 56005.8, 23.0192, 100, 1, 1000, 1, 0, 0, 0, 0, 1, 0
1635341581802, 23.01, 100, XNYS, 23.37, 1000, IEXG, 23.01, 100, XNYS, 2533, 58306.8, 23.0189, 100, 1, 1100, 2, 0, 0, 0, 0, 1, 0
1635341581802, 23.01, 100, XNYS, 23.37, 1000, IEXG, 23.01, 100, XNYS, 2633, 60607.8, 23.0185, 100, 1, 1100, 2, 0, 0, 0, 0, 1, 0
1635341581802, 23.01, 100, XNYS, 23.37, 1000, IEXG, 23.01, 100, XNYS, 2733, 62908.8, 23.0182, 100, 1, 1100, 2, 0, 0, 0, 0, 1, 0
1635341581802, 23.01, 100, XNYS, 23.37, 1000, IEXG, 23.01, 100, XNYS, 2833, 65209.8, 23.0179, 100, 1, 1100, 2, 0, 0, 0, 0, 1, 0
1635341581802, 23, 500, XNYS, 23.37, 1000, IEXG, 23.01, 100, XNYS, 2933, 67510.8, 23.0177, 600, 2, 1100, 2, 0, 1, 0, 0, 1, 0
1635341581802, 23, 100, ARCX, 23.36, 100, XNYS, 23, 503, XNYS, 3512, 80828.5, 23.015, 100, 1, 100, 1, 0, 1, 0, 0, 1, 0
1635341581802, 23, 100, ARCX, 23.36, 100, XNYS, 23, 100, ARCX, 3612, 83128.5, 23.0145, 100, 1, 100, 1, 0, 0, 0, 0, 1, 0
1635341581802, 22.96, 200, XNYS, 23.36, 100, XNYS, 23, 100, ARCX, 3612, 83128.5, 23.0145, 200, 1, 100, 1, 0, 1, 0, 0, 1, 0
1635341581802, 22.96, 200, XNYS, 23.36, 100, XNYS, 23, 25, ARCX, 3637, 83703.5, 23.0144, 200, 1, 100, 1, 1, 0, 0, 0, 1, 0
1635341581802, 22.96, 200, XNYS, 23.29, 100, ARCX, 23.01, 100, XNAS, 3737, 86004.5, 23.0143, 200, 1, 100, 1, 0, 1, 0, 0, 1, 0
1635341581802, 22.96, 200, XNYS, 23.29, 100, ARCX, 23.01, 100, XNAS, 3737, 86004.5, 23.0143, 200, 1, 100, 1, 0, 1, 0, 0, 1, 0
1635341581802, 23.01, 100, XNAS, 23.26, 100, XBOS, 23.01, 100, XNAS, 3837, 88305.5, 23.0142, 100, 1, 100, 1, 0, 0, 0, 0, 1, 0
1635341581802, 23.01, 100, XNAS, 23.26, 100, XBOS, 23.02, 200, XNAS, 4037, 92909.5, 23.0145, 100, 1, 100, 1, 0, 1, 0, 0, 1, 0
1635341581803, 22.96, 200, XNYS, 23.26, 100, XBOS, 23, 10, XNAS, 4047, 93139.5, 23.0145, 200, 1, 100, 1, 1, 0, 0, 0, 1, 0
1635341581803, 22.96, 200, XNYS, 23.1, 100, IEXG, 23, 1, EDGX, 4048, 93162.5, 23.0145, 200, 1, 100, 1, 1, 0, 0, 0, 1, 0
1635341581803, 22.92, 100, XNAS, 23.1, 100, IEXG, 22.96, 200, XNYS, 4248, 97754.6, 23.0119, 200, 2, 100, 1, 0, 1, 0, 0, 1, 0
1635341581803, 22.92, 100, XNAS, 23.1, 100, IEXG, 22.95, 2, XNYS, 4250, 97800.4, 23.0119, 200, 2, 100, 1, 1, 0, 0, 0, 1, 0
1635341581804, 22.87, 100, XNAS, 23.1, 100, IEXG, 22.95, 2, XNAS, 4252, 97846.3, 23.0118, 100, 1, 100, 1, 1, 0, 0, 0, 1, 0
1635341581806, 22.87, 100, XPSX, 23.05, 100, IEXG, 22.91, 40, XNYS, 4292, 98762.7, 23.0109, 200, 2, 100, 1, 1, 0, 0, 0, 1, 0
1635341581808, 22.87, 100, XNAS, 23.33, 100, XNAS, 22.91, 66, XNAS, 4358, 100275, 23.0094, 100, 1, 300, 3, 1, 0, 0, 0, 1, 0
1635341581808, 22.86, 300, XNYS, 23.33, 100, XPSX, 22.91, 114, XNAS, 4472, 102887, 23.0068, 300, 1, 300, 3, 0, 1, 0, 0, 1, 0
1635341582041, 22.86, 300, XNYS, 23.29, 200, XNYS, 22.87, 100, XADF, 4572, 105174, 23.0038, 300, 1, 200, 1, 0, 1, 0, 0, 1, 0
1635341582176, 22.83, 700, BATS, 23.33, 200, EDGX, 22.86, 200, XNYS, 4772, 109746, 22.9978, 700, 1, 200, 1, 0, 1, 0, 0, 1, 0
1635341582176, 22.83, 700, BATS, 23.33, 200, EDGX, 22.9, 10, XNAS, 4782, 109975, 22.9976, 700, 1, 200, 1, 1, 0, 0, 0, 1, 0
1635341582176, 22.83, 700, BATS, 23.33, 200, EDGX, 22.9, 35, XNAS, 4817, 110776, 22.9969, 700, 1, 200, 1, 1, 0, 0, 0, 1, 0
1635341582176, 22.83, 700, BATS, 23.33, 200, EDGX, 22.9, 21, XNAS, 4838, 111257, 22.9965, 700, 1, 200, 1, 1, 0, 0, 0, 1, 0
1635341582176, 22.83, 700, BATS, 23.33, 200, EDGX, 22.86, 55, XNYS, 4893, 112514, 22.9949, 700, 1, 200, 1, 1, 0, 0, 0, 1, 0
1635341582176, 22.83, 600, BATS, 23.13, 300, EDGX, 22.83, 45, BATS, 4938, 113542, 22.9934, 600, 1, 400, 2, 1, 0, 0, 0, 1, 0
1635341582176, 22.8, 300, XNYS, 23.13, 300, EDGX, 22.83, 655, BATS, 5593, 128495, 22.9743, 300, 1, 400, 2, 0, 1, 0, 0, 1, 0
1635341582177, 22.8, 300, XNYS, 23.05, 100, XPSX, 22.8, 10, ARCX, 5603, 128723, 22.974, 300, 1, 100, 1, 1, 0, 0, 0, 1, 0
1635341582177, 22.77, 600, XNAS, 23.05, 100, XPSX, 22.8, 200, XNYS, 5803, 133283, 22.968, 1100, 2, 100, 1, 0, 1, 0, 0, 1, 0
1635341582177, 22.77, 600, XNAS, 22.98, 100, IEXG, 22.89, 3, XNAS, 5832, 133947, 22.9676, 1100, 2, 100, 1, 1, 0, 0, 1, 0, 0
1635341582177, 22.77, 600, XNAS, 22.98, 100, IEXG, 22.89, 3, XNAS, 5835, 134016, 22.9676, 1100, 2, 100, 1, 1, 0, 0, 1, 0, 0
1635341582177, 22.77, 600, XNAS, 22.98, 100, IEXG, 22.89, 3, XNAS, 5838, 134084, 22.9675, 1100, 2, 100, 1, 1, 0, 0, 1, 0, 0
1635341582177, 22.77, 600, XNAS, 22.98, 100, IEXG, 22.89, 3, XNAS, 5841, 134153, 22.9675, 1100, 2, 100, 1, 1, 0, 0, 1, 0, 0
1635341582177, 22.77, 600, XNAS, 22.98, 100, IEXG, 22.89, 3, XNAS, 5844, 134222, 22.9674, 1100, 2, 100, 1, 1, 0, 0, 1, 0, 0
1635341582177, 22.77, 600, XNAS, 22.98, 100, IEXG, 22.89, 3, XNAS, 5847, 134290, 22.9674, 1100, 2, 100, 1, 1, 0, 0, 1, 0, 0
1635341582177, 22.77, 600, XNAS, 22.98, 100, IEXG, 22.89, 100, XNAS, 5947, 136579, 22.9661, 1100, 2, 100, 1, 0, 1, 0, 1, 0, 0
1635341582177, 22.77, 600, XNAS, 22.98, 100, IEXG, 22.89, 3, XNAS, 5950, 136648, 22.9661, 1100, 2, 100, 1, 1, 0, 0, 1, 0, 0
1635341582178, 22.77, 600, XNAS, 22.98, 100, IEXG, 22.89, 3, XNAS, 5953, 136717, 22.966, 1100, 2, 100, 1, 1, 0, 0, 1, 0, 0
1635341582178, 22.77, 600, XNAS, 22.98, 100, IEXG, 22.89, 40, XNAS, 5993, 137632, 22.9655, 1100, 2, 100, 1, 1, 0, 0, 1, 0, 0
1635341582178, 22.77, 600, XNAS, 22.98, 100, IEXG, 22.89, 3, XNAS, 5996, 137701, 22.9655, 1100, 2, 100, 1, 1, 0, 0, 1, 0, 0
1635341582178, 22.77, 600, XNAS, 22.98, 100, IEXG, 22.89, 3, XNAS, 5999, 137770, 22.9654, 1100, 2, 100, 1, 1, 0, 0, 1, 0, 0
1635341582178, 22.77, 600, XNAS, 22.98, 100, IEXG, 22.89, 3, XNAS, 6002, 137838, 22.9654, 1100, 2, 100, 1, 1, 0, 0, 1, 0, 0
1635341582178, 22.77, 600, XNAS, 23.05, 100, XPSX, 22.89, 1, XNAS, 6003, 137861, 22.9654, 1100, 2, 100, 1, 1, 0, 0, 0, 1, 0
1635341582179, 22.87, 100, XNYS, 23.05, 100, XPSX, 22.77, 100, XADF, 6103, 140138, 22.9622, 100, 1, 100, 1, 0, 1, 0, 0, 1, 1
1635341582236, 22.83, 100, XNYS, 23.08, 100, IEXG, 22.8204, 42, XADF, 6145, 141097, 22.9612, 100, 1, 100, 1, 1, 1, 0, 0, 1, 1
1635341582359, 22.8, 100, XNYS, 23.08, 100, IEXG, 22.82, 1, EDGX, 6146, 141120, 22.9612, 100, 1, 100, 1, 1, 0, 0, 0, 1, 0
1635341582362, 22.77, 500, EDGX, 23.08, 100, IEXG, 22.82, 5, XNYS, 6151, 141234, 22.9611, 500, 1, 100, 1, 1, 0, 0, 0, 1, 0
1635341582362, 22.77, 500, EDGX, 23.08, 100, IEXG, 22.8, 35, XNYS, 6186, 142032, 22.9602, 500, 1, 100, 1, 1, 0, 0, 0, 1, 0
1635341582437, 22.78, 100, XNYS, 23.08, 100, IEXG, 22.79, 100, XADF, 6286, 144311, 22.9575, 100, 1, 100, 1, 0, 1, 0, 0, 1, 0
1635341582871, 22.78, 100, XNYS, 23.08, 100, IEXG, 22.79, 40, XNYS, 6326, 145222, 22.9564, 100, 1, 100, 1, 1, 0, 0, 0, 1, 0
1635341582877, 22.77, 500, EDGX, 23.08, 100, IEXG, 22.79, 100, XADF, 6426, 147501, 22.9538, 500, 1, 100, 1, 0, 1, 0, 0, 1, 0
1635341583542, 22.77, 300, EDGX, 23.14, 100, IEXG, 22.77, 175, EDGX, 6601, 151486, 22.9489, 300, 1, 100, 1, 0, 0, 0, 0, 1, 0
1635341583556, 22.77, 300, EDGX, 23.11, 200, ARCX, 22.77, 10, ARCX, 6611, 151714, 22.9487, 300, 1, 200, 1, 1, 0, 0, 0, 1, 0
1635341583556, 22.77, 300, EDGX, 23.04, 100, ARCX, 22.77, 27, XNAS, 6638, 152328, 22.9479, 300, 1, 100, 1, 1, 0, 0, 0, 1, 0
1635341583556, 22.77, 300, EDGX, 23.04, 100, ARCX, 22.77, 18, EDGX, 6656, 152738, 22.9475, 300, 1, 100, 1, 1, 0, 0, 0, 1, 0
1635341583557, 22.77, 100, EDGX, 22.84, 100, XNAS, 22.77, 173, EDGX, 6829, 156678, 22.943, 100, 1, 100, 1, 0, 0, 0, 0, 1, 0
1635341583557, 22.75, 1000, XNYS, 22.84, 100, XNAS, 22.77, 134, EDGX, 6963, 159729, 22.9396, 1000, 1, 100, 1, 0, 1, 0, 0, 1, 0
1635341583557, 22.75, 1000, XNYS, 22.84, 100, XNAS, 22.77, 18, EDGX, 6981, 160139, 22.9392, 1000, 1, 100, 1, 1, 0, 0, 0, 1, 0
1635341583558, 22.72, 100, XNAS, 22.84, 100, XNAS, 22.75, 1000, XNYS, 7981, 182889, 22.9155, 100, 1, 100, 1, 0, 1, 0, 0, 1, 0
1635341583558, 22.72, 100, XNAS, 22.84, 100, XNAS, 22.75, 1, EDGX, 7982, 182911, 22.9155, 100, 1, 100, 1, 1, 0, 0, 0, 1, 0
1635341583725, 22.72, 100, XNAS, 22.84, 100, XNAS, 22.775, 100, XADF, 8082, 185189, 22.9137, 100, 1, 100, 1, 0, 1, 0, 0, 1, 0
1635341583831, 22.72, 100, XNAS, 22.84, 100, XNAS, 22.725, 70, XADF, 8152, 186780, 22.9121, 100, 1, 100, 1, 1, 1, 0, 0, 1, 0
1635341583831, 22.72, 100, XNAS, 22.84, 100, XNAS, 22.78, 70, XADF, 8222, 188374, 22.911, 100, 1, 100, 1, 1, 1, 1, 0, 0, 0
1635341584063, 22.72, 100, XNAS, 22.84, 200, XNAS, 22.73, 100, XNAS, 8322, 190647, 22.9088, 100, 1, 200, 1, 0, 1, 0, 0, 1, 0
1635341584064, 22.66, 100, XNYS, 22.84, 200, XNAS, 22.72, 100, XNAS, 8422, 192919, 22.9066, 100, 1, 200, 1, 0, 1, 0, 0, 1, 0
1635341584258, 22.66, 100, XNYS, 22.84, 100, XNAS, 22.68, 140, XNYS, 8562, 196094, 22.9029, 100, 1, 100, 1, 0, 1, 0, 0, 1, 0
1635341584558, 22.65, 100, IEXG, 22.77, 100, ARCX, 22.71, 1, EDGX, 8563, 196117, 22.9028, 100, 1, 100, 1, 1, 0, 1, 0, 0, 0
1635341584563, 22.65, 100, IEXG, 22.77, 100, ARCX, 22.71, 161, XNAS, 8724, 199773, 22.8993, 100, 1, 100, 1, 0, 1, 1, 0, 0, 0
1635341584563, 22.65, 100, IEXG, 22.77, 100, ARCX, 22.68, 39, IEXG, 8763, 200658, 22.8983, 100, 1, 100, 1, 1, 0, 0, 0, 1, 0
1635341584564, 22.65, 100, IEXG, 22.77, 100, ARCX, 22.68, 61, IEXG, 8824, 202041, 22.8968, 100, 1, 100, 1, 1, 0, 0, 0, 1, 0
1635341584564, 22.65, 100, IEXG, 22.77, 100, ARCX, 22.67, 39, IEXG, 8863, 202926, 22.8958, 100, 1, 100, 1, 1, 0, 0, 0, 1, 0
1635341584566, 22.65, 100, IEXG, 22.77, 100, ARCX, 22.65, 48, IEXG, 8911, 204013, 22.8945, 100, 1, 100, 1, 1, 0, 0, 0, 1, 0
1635341584566, 22.63, 200, XNYS, 22.77, 100, ARCX, 22.65, 200, XADF, 9111, 208543, 22.8891, 400, 3, 100, 1, 0, 1, 0, 0, 1, 0
1635341584597, 22.63, 200, XNYS, 22.77, 100, ARCX, 22.76, 147, XADF, 9258, 211888, 22.8871, 500, 3, 100, 1, 0, 1, 0, 1, 0, 0
1635341660396, 22.63, 200, XNYS, 22.82, 100, XNAS, 22.63, 3, XADF, 9261, 211956, 22.887, 200, 1, 100, 1, 1, 1, 0, 0, 1, 0
1635341693716, 22.7, 2500, XNAS, 22.82, 200, XNAS, 22.7, 1, XNAS, 9262, 211979, 22.887, 2500, 1, 200, 1, 1, 0, 0, 0, 1, 0
1635341737248, 22.77, 200, XNYS, 22.82, 100, XNAS, 22.81, 165, XNAS, 9427, 215743, 22.8856, 200, 1, 100, 1, 0, 1, 0, 1, 0, 0
1635341737248, 22.77, 200, XNYS, 22.82, 100, XNAS, 22.82, 24, XNAS, 9451, 216290, 22.8854, 200, 1, 100, 1, 1, 0, 0, 1, 0, 0
1635341737248, 22.77, 200, XNYS, 22.82, 100, XNAS, 22.82, 39, XNAS, 9490, 217180, 22.8852, 200, 1, 100, 1, 1, 0, 0, 1, 0, 0
1635341737248, 22.77, 200, XNYS, 22.86, 100, XNYS, 22.82, 37, XNAS, 9527, 218025, 22.8849, 200, 1, 100, 1, 1, 0, 0, 1, 0, 0
1635341737248, 22.77, 200, XNYS, 22.86, 100, XNYS, 22.82, 88, XNAS, 9615, 220033, 22.8843, 200, 1, 100, 1, 1, 0, 0, 1, 0, 0
1635341737248, 22.77, 200, XNYS, 22.86, 100, XNYS, 22.82, 1, XNAS, 9616, 220056, 22.8843, 200, 1, 100, 1, 1, 0, 0, 1, 0, 0
1635341737248, 22.77, 200, XNYS, 22.86, 100, XNYS, 22.81, 30, BATY, 9646, 220740, 22.8841, 200, 1, 100, 1, 1, 0, 0, 0, 1, 0
1635341737248, 22.77, 200, XNYS, 22.86, 100, XNYS, 22.82, 3, EDGA, 9649, 220808, 22.8841, 200, 1, 100, 1, 1, 0, 0, 1, 0, 0
1635341737249, 22.77, 200, XNYS, 22.86, 100, XNYS, 22.82, 30, BATY, 9679, 221493, 22.8839, 200, 1, 100, 1, 1, 0, 0, 1, 0, 0
1635341737249, 22.78, 100, XNAS, 22.86, 100, XNYS, 22.8, 11, MEMX, 9690, 221744, 22.8838, 100, 1, 100, 1, 1, 0, 0, 0, 1, 0
1635341737252, 22.78, 100, XNYS, 22.86, 100, XNYS, 22.85, 24, ARCX, 9714, 222292, 22.8837, 100, 1, 100, 1, 1, 0, 0, 1, 0, 0
1635341741246, 22.78, 2400, EDGX, 22.95, 100, BATS, 22.86, 56, XNYS, 9770, 223572, 22.8836, 2400, 1, 100, 1, 1, 0, 0, 0, 1, 0
1635341741246, 22.78, 2400, EDGX, 22.95, 100, BATS, 22.86, 44, XNYS, 9814, 224578, 22.8835, 2400, 1, 100, 1, 1, 0, 0, 0, 1, 0
1635341769218, 22.85, 1800, XNAS, 22.99, 200, BATS, 22.85, 600, XNAS, 10414, 238288, 22.8815, 1800, 1, 200, 1, 0, 0, 0, 0, 1, 0
1635341770583, 22.85, 1700, XNAS, 22.97, 100, XNYS, 22.85, 129, XNAS, 10543, 241236, 22.8811, 1700, 1, 100, 1, 0, 0, 0, 0, 1, 0
1635341770583, 22.81, 100, XNYS, 22.97, 200, XNYS, 22.85, 1770, XNAS, 12313, 281680, 22.8767, 100, 1, 200, 1, 0, 1, 0, 0, 1, 0
1635341770585, 22.81, 100, XNYS, 22.96, 300, XNYS, 22.81, 100, XNYS, 12413, 283961, 22.8761, 100, 1, 600, 3, 0, 0, 0, 0, 1, 0
1635341770585, 22.81, 100, XNYS, 22.96, 300, XNYS, 22.81, 100, XNYS, 12513, 286242, 22.8756, 100, 1, 600, 3, 0, 0, 0, 0, 1, 0
1635341770585, 22.81, 100, XNYS, 22.96, 300, XNYS, 22.81, 100, XNYS, 12613, 288523, 22.8751, 100, 1, 600, 3, 0, 0, 0, 0, 1, 0
1635341770755, 22.75, 200, XNYS, 22.89, 100, IEXG, 22.85, 100, XADF, 12713, 290808, 22.8749, 200, 1, 100, 1, 0, 1, 0, 1, 0, 0
1635341770864, 22.69, 300, XNAS, 22.89, 100, IEXG, 22.77, 35, EDGX, 12748, 291605, 22.8746, 300, 1, 100, 1, 1, 0, 0, 0, 1, 0
1635341771520, 22.69, 100, XNAS, 22.89, 100, IEXG, 22.8437, 20, XADF, 12768, 292062, 22.8745, 100, 1, 100, 1, 1, 1, 0, 1, 0, 0
1635341823715, 22.69, 100, XNAS, 22.89, 100, IEXG, 22.73, 3, EDGX, 12771, 292130, 22.8745, 100, 1, 200, 2, 1, 0, 0, 0, 1, 0
1635341826715, 22.66, 200, XNYS, 22.89, 300, XNAS, 22.73, 16, EDGX, 12787, 292494, 22.8743, 200, 1, 400, 2, 1, 0, 0, 0, 1, 0
1635341827715, 22.66, 100, XNYS, 22.89, 300, XNAS, 22.73, 8, EDGX, 12795, 292676, 22.8742, 100, 1, 400, 2, 1, 0, 0, 0, 1, 0
1635341830715, 22.66, 100, XNYS, 22.89, 300, XNAS, 22.73, 3, EDGX, 12798, 292744, 22.8742, 100, 1, 400, 2, 1, 0, 0, 0, 1, 0
1635341835715, 22.66, 100, XNYS, 22.89, 300, XNAS, 22.73, 2, EDGX, 12800, 292790, 22.8742, 100, 1, 400, 2, 1, 0, 0, 0, 1, 0
1635341837119, 22.66, 100, XNYS, 22.89, 300, XNAS, 22.8502, 200, XADF, 13000, 297360, 22.8738, 100, 1, 400, 2, 0, 1, 0, 1, 0, 0
1635341868719, 22.63, 100, XNYS, 22.89, 300, XNAS, 22.73, 7, EDGX, 13007, 297519, 22.8737, 100, 1, 600, 3, 1, 0, 0, 0, 1, 0
1635341869719, 22.7, 100, XNYS, 22.89, 300, XNAS, 22.73, 11, EDGX, 13018, 297769, 22.8736, 100, 1, 600, 3, 1, 0, 0, 0, 1, 0
1635341869978, 22.71, 100, XNYS, 22.87, 200, XNYS, 22.72, 100, XNYS, 13118, 300041, 22.8724, 100, 1, 200, 1, 0, 1, 0, 0, 1, 0
1635341869979, 22.71, 100, XNYS, 22.87, 200, XNYS, 22.72, 10, XNAS, 13128, 300268, 22.8723, 100, 1, 200, 1, 1, 0, 0, 0, 1, 0
1635341883833, 22.63, 200, XNYS, 22.87, 300, XNYS, 22.71, 27, XNAS, 13155, 300881, 22.872, 200, 1, 300, 1, 1, 0, 0, 0, 1, 0
1635341884833, 22.64, 100, XNYS, 22.85, 200, BATS, 22.68, 18, EDGX, 13173, 301289, 22.8717, 100, 1, 200, 1, 1, 0, 0, 0, 1, 0
1635341912665, 22.55, 600, BATS, 22.79, 200, XNYS, 22.66, 2, EDGX, 13175, 301335, 22.8717, 600, 1, 200, 1, 1, 0, 0, 0, 1, 0
1635341922268, 22.61, 100, XNYS, 22.77, 200, XNYS, 22.61, 6, XADF, 13181, 301470, 22.8716, 100, 1, 200, 1, 1, 1, 0, 0, 1, 0
1635341924063, 22.61, 100, XNYS, 22.77, 200, XNYS, 22.61, 22, XADF, 13203, 301968, 22.8711, 100, 1, 200, 1, 1, 1, 0, 0, 1, 0
1635341929020, 22.61, 100, XNYS, 22.77, 200, XNYS, 22.61, 7, XADF, 13210, 302126, 22.871, 100, 1, 200, 1, 1, 1, 0, 0, 1, 0
1635342058917, 22.58, 200, XNYS, 22.79, 100, XNAS, 22.67, 1, XNAS, 13211, 302149, 22.871, 200, 1, 100, 1, 1, 0, 0, 0, 1, 0
1635342067714, 22.61, 100, XNAS, 22.8, 100, ARCX, 22.72, 20, EDGX, 13231, 302603, 22.8708, 100, 1, 100, 1, 1, 0, 0, 1, 0, 0
1635342222731, 22.61, 100, XNYS, 22.79, 200, XNAS, 22.61, 100, XADF, 13331, 304864, 22.8688, 200, 2, 200, 1, 0, 1, 0, 0, 1, 0
1635342222790, 22.64, 300, XNYS, 22.79, 200, XNAS, 22.61, 100, XADF, 13431, 307125, 22.8669, 400, 2, 200, 1, 0, 1, 0, 0, 1, 1
1635342264968, 22.61, 100, XNYS, 22.75, 100, XNYS, 22.6912, 15, XADF, 13446, 307465, 22.8667, 200, 2, 200, 2, 1, 1, 0, 1, 0, 0
1635342277870, 22.61, 100, XNYS, 22.75, 100, XNYS, 22.6328, 50, XADF, 13496, 308597, 22.8658, 200, 2, 200, 2, 1, 1, 0, 0, 1, 0
1635342279253, 22.61, 100, XNYS, 22.74, 100, XNYS, 22.62, 100, XNYS, 13596, 310859, 22.864, 200, 2, 100, 1, 0, 1, 0, 0, 1, 0
1635342279350, 22.59, 100, XNYS, 22.74, 100, XNYS, 22.59, 59, XADF, 13655, 312192, 22.8628, 100, 1, 100, 1, 1, 1, 0, 0, 1, 0
1635342279355, 22.58, 200, XNYS, 22.74, 100, XNYS, 22.6, 19, XNYS, 13674, 312621, 22.8625, 200, 1, 100, 1, 1, 0, 0, 0, 1, 0
1635342279355, 22.58, 200, XNYS, 22.74, 100, XNYS, 22.59, 22, XNYS, 13696, 313118, 22.862, 200, 1, 100, 1, 1, 0, 0, 0, 1, 0
1635342303974, 22.65, 1000, EDGX, 22.75, 300, XNYS, 22.8098, 100, XADF, 13696, 313118, 22.862, 1000, 1, 600, 3, 0, 1, 0, 1, 0, 1
1635342305487, 22.65, 1000, EDGX, 22.74, 100, XNAS, 22.65, 1, ARCX, 13697, 313141, 22.862, 1000, 1, 100, 1, 1, 0, 0, 0, 1, 0
1635342305487, 22.58, 100, ARCX, 22.74, 300, XNYS, 22.65, 1000, EDGX, 14697, 335791, 22.8476, 100, 1, 400, 2, 0, 1, 0, 0, 1, 0
1635342305511, 22.58, 100, ARCX, 22.7, 100, IEXG, 22.59, 100, ARCX, 14797, 338050, 22.8458, 100, 1, 100, 1, 0, 1, 0, 0, 1, 0
1635342308171, 22.58, 100, ARCX, 22.68, 100, IEXG, 22.66, 20, XNYS, 14817, 338503, 22.8456, 100, 1, 200, 2, 1, 0, 0, 1, 0, 0
1635342310299, 22.58, 100, ARCX, 22.68, 100, XNYS, 22.63, 1, XNYS, 14818, 338526, 22.8456, 100, 1, 100, 1, 1, 0, 1, 0, 0, 0
1635342324183, 22.58, 100, ARCX, 22.68, 100, XNYS, 22.66, 12, XNYS, 14830, 338798, 22.8454, 100, 1, 100, 1, 1, 0, 0, 1, 0, 0
1635342333314, 22.58, 100, ARCX, 22.68, 100, XNYS, 22.66, 20, XNYS, 14850, 339251, 22.8452, 100, 1, 100, 1, 1, 0, 0, 1, 0, 0
1635342341173, 22.58, 100, ARCX, 22.68, 100, XNYS, 22.66, 13, XNYS, 14863, 339545, 22.845, 100, 1, 100, 1, 1, 0, 0, 1, 0, 0
1635342345875, 22.58, 100, ARCX, 22.68, 100, XNYS, 22.68, 10, XADF, 14873, 339772, 22.8449, 200, 2, 100, 1, 1, 1, 0, 1, 0, 0
1635342346283, 22.58, 100, XNAS, 22.68, 100, XNYS, 22.6, 1, XCIS, 14874, 339795, 22.8449, 200, 2, 100, 1, 1, 0, 0, 0, 1, 0
1635342346283, 22.58, 100, XNAS, 22.68, 100, XNYS, 22.6, 60, XNAS, 14934, 341151, 22.8439, 200, 2, 100, 1, 1, 0, 0, 0, 1, 0
1635342357035, 22.58, 100, XNAS, 22.68, 100, XNYS, 22.67, 2, EDGX, 14936, 341196, 22.8439, 200, 2, 100, 1, 1, 0, 0, 1, 0, 0
1635342360857, 22.58, 100, XNAS, 22.68, 100, XNYS, 22.66, 16, XNYS, 14952, 341559, 22.8437, 200, 2, 100, 1, 1, 0, 0, 1, 0, 0
1635342360857, 22.58, 100, XNAS, 22.68, 100, XNYS, 22.66, 19, XNYS, 14971, 341989, 22.8435, 200, 2, 100, 1, 1, 0, 0, 1, 0, 0
1635342360857, 22.58, 100, XNAS, 22.68, 100, XNYS, 22.68, 17, XNYS, 14988, 342375, 22.8433, 200, 2, 100, 1, 1, 0, 0, 1, 0, 0
1635342360860, 22.58, 100, XNAS, 22.74, 200, XNYS, 22.68, 12, XNYS, 15000, 342647, 22.8431, 200, 2, 300, 2, 1, 0, 0, 1, 0, 0
1635342369405, 22.58, 300, XNYS, 22.74, 100, MEMX, 22.68, 71, XNYS, 15071, 344257, 22.8424, 700, 3, 200, 2, 1, 0, 0, 1, 0, 0
1635342370041, 22.61, 100, XNYS, 22.76, 400, XNYS, 22.74, 4, EDGX, 15075, 344348, 22.8423, 100, 1, 400, 1, 1, 0, 0, 1, 0, 0
1635342387005, 22.65, 200, XNYS, 22.79, 100, XNAS, 22.79, 16, BATS, 15091, 344713, 22.8423, 400, 3, 100, 1, 1, 0, 0, 1, 0, 0
1635342387006, 22.66, 300, XPSX, 22.79, 100, XNAS, 22.79, 17, BATS, 15108, 345100, 22.8422, 300, 1, 100, 1, 1, 0, 0, 1, 0, 0
1635342387014, 22.66, 300, XPSX, 22.79, 100, XNAS, 22.79, 12, BATS, 15120, 345374, 22.8422, 500, 3, 100, 1, 1, 0, 0, 1, 0, 0
1635342392288, 22.68, 200, XNYS, 22.8, 100, ARCX, 22.8, 21, ARCX, 15141, 345853, 22.8421, 300, 2, 100, 1, 1, 0, 0, 1, 0, 0
1635342401762, 22.68, 400, XNYS, 22.83, 200, XNYS, 22.82, 13, IEXG, 15154, 346149, 22.8421, 800, 3, 200, 1, 1, 0, 0, 1, 0, 0
1635342415743, 22.68, 400, XNYS, 22.83, 100, XNYS, 22.83, 47, XNYS, 15201, 347222, 22.8421, 800, 3, 100, 1, 1, 0, 0, 1, 0, 0
1635342415743, 22.68, 300, XNAS, 22.83, 100, XNYS, 22.83, 10, EDGX, 15211, 347451, 22.8421, 700, 3, 100, 1, 1, 0, 0, 1, 0, 0
1635342426124, 22.69, 300, XNYS, 22.87, 200, XNAS, 22.86, 19, XNAS, 15230, 347885, 22.8421, 600, 3, 200, 1, 1, 0, 0, 1, 0, 0
1635342473439, 22.73, 100, XNYS, 22.88, 200, XNAS, 22.86, 13, BATS, 15243, 348182, 22.8421, 200, 2, 300, 2, 1, 0, 0, 1, 0, 0
1635342476245, 22.76, 100, XNAS, 22.88, 100, XNAS, 22.87, 13, BATS, 15256, 348479, 22.8421, 100, 1, 200, 2, 1, 0, 0, 1, 0, 0
1635342476245, 22.76, 100, XNAS, 22.88, 100, XNAS, 22.87, 83, BATS, 15339, 350378, 22.8423, 100, 1, 200, 2, 1, 0, 0, 1, 0, 0
1635342476245, 22.76, 200, XNYS, 22.88, 100, XNAS, 22.87, 96, XNAS, 15435, 352573, 22.8424, 300, 2, 100, 1, 1, 0, 0, 1, 0, 0
1635342476245, 22.81, 100, XNAS, 22.89, 100, BATS, 22.87, 17, BATS, 15452, 352962, 22.8425, 100, 1, 200, 2, 1, 0, 0, 1, 0, 0
1635342476250, 22.79, 100, BATS, 22.89, 100, XNAS, 22.88, 1, ARCX, 15453, 352985, 22.8425, 100, 1, 100, 1, 1, 0, 0, 1, 0, 0
1635342476344, 22.77, 300, XNYS, 22.9, 100, ARCX, 22.89, 10, EDGX, 15463, 353214, 22.8425, 700, 3, 100, 1, 1, 0, 0, 1, 0, 0
1635342476344, 22.77, 300, XNYS, 22.9, 100, ARCX, 22.89, 21, EDGX, 15484, 353694, 22.8426, 700, 3, 100, 1, 1, 0, 0, 1, 0, 0
1635342476349, 22.77, 400, XNAS, 22.9, 100, ARCX, 22.9, 16, ARCX, 15500, 354061, 22.8426, 800, 3, 100, 1, 1, 0, 0, 1, 0, 0
1635342476859, 22.78, 200, XNAS, 22.9, 100, ARCX, 22.83, 1000, XADF, 16500, 376891, 22.8419, 400, 2, 100, 1, 0, 1, 0, 0, 1, 0
1635342492758, 22.8, 100, XNAS, 22.96, 300, XNYS, 22.88, 10, XADF, 16510, 377120, 22.8419, 100, 1, 300, 1, 1, 1, 1, 0, 0, 0
1635342526643, 22.8, 100, EDGX, 22.87, 100, XNYS, 22.8, 20, XNAS, 16530, 377576, 22.8418, 100, 1, 100, 1, 1, 0, 0, 0, 1, 0
1635342533725, 22.8, 100, EDGX, 22.87, 100, XNYS, 22.86, 10, XNYS, 16540, 377804, 22.8419, 100, 1, 100, 1, 1, 0, 0, 1, 0, 0
1635342543466, 22.77, 100, XPSX, 22.88, 200, XNYS, 22.8, 1, EDGX, 16541, 377827, 22.8418, 200, 2, 300, 2, 1, 0, 0, 0, 1, 0
1635342543466, 22.77, 100, XPSX, 22.88, 200, XNYS, 22.8, 3, EDGX, 16544, 377895, 22.8418, 200, 2, 300, 2, 1, 0, 0, 0, 1, 0
1635342543466, 22.77, 100, XPSX, 22.88, 200, XNYS, 22.8, 16, EDGX, 16560, 378260, 22.8418, 200, 2, 300, 2, 1, 0, 0, 0, 1, 0
1635342543470, 22.77, 100, XPSX, 22.86, 400, XNYS, 22.8, 7, XNYS, 16567, 378420, 22.8418, 200, 2, 400, 1, 1, 0, 0, 0, 1, 0
1635342543471, 22.75, 100, XNAS, 22.83, 100, MEMX, 22.79, 10, BATS, 16753, 382661, 22.8413, 100, 1, 100, 1, 1, 0, 1, 0, 0, 0
1635342543471, 22.74, 100, XNAS, 22.83, 100, MEMX, 22.77, 4, XNAS, 16757, 382752, 22.8413, 100, 1, 100, 1, 1, 0, 0, 0, 1, 0
1635342574469, 22.76, 100, XNYS, 22.85, 100, XNYS, 22.77, 1, XNYS, 16758, 382774, 22.8413, 100, 1, 100, 1, 1, 0, 0, 0, 1, 0
1635342594540, 22.76, 100, XNYS, 22.83, 200, XNYS, 22.77, 34, XNYS, 16792, 383549, 22.8411, 100, 1, 200, 1, 1, 0, 0, 0, 1, 0
1635342594540, 22.72, 100, XNAS, 22.82, 100, XNYS, 22.76, 100, XNYS, 16892, 385825, 22.8407, 100, 1, 100, 1, 0, 1, 0, 0, 1, 0
1635342594540, 22.72, 100, XNAS, 22.82, 100, XNYS, 22.77, 10, XNAS, 16902, 386052, 22.8406, 100, 1, 100, 1, 1, 0, 1, 0, 0, 0
1635342594540, 22.72, 100, XNAS, 22.82, 100, XNYS, 22.76, 2, XCIS, 16904, 386098, 22.8406, 100, 1, 100, 1, 1, 0, 0, 0, 1, 0
1635342594541, 22.72, 100, XNAS, 22.79, 100, XNYS, 22.76, 1, EDGX, 16905, 386121, 22.8406, 100, 1, 100, 1, 1, 0, 0, 1, 0, 0
1635342594541, 22.72, 100, XNAS, 22.78, 200, EDGX, 22.77, 24, IEXG, 16929, 386667, 22.8405, 100, 1, 500, 4, 1, 0, 0, 1, 0, 0
1635342594541, 22.72, 100, XNAS, 22.78, 200, EDGX, 22.77, 18, IEXG, 16947, 387077, 22.8404, 100, 1, 500, 4, 1, 0, 0, 1, 0, 0
1635342595041, 22.72, 100, XNAS, 22.78, 100, XNYS, 22.77, 100, XNYS, 17047, 389354, 22.84, 100, 1, 100, 1, 0, 1, 0, 1, 0, 0
1635342595042, 22.72, 100, XNAS, 22.78, 100, XNYS, 22.77, 3, IEXG, 17050, 389422, 22.84, 100, 1, 100, 1, 1, 0, 0, 1, 0, 0
1635342595540, 22.72, 100, XNAS, 22.78, 100, XNYS, 22.77, 100, XNYS, 17150, 391699, 22.8396, 100, 1, 100, 1, 0, 1, 0, 1, 0, 0
1635342595541, 22.75, 100, EDGX, 22.82, 200, XNYS, 22.78, 85, XNYS, 17235, 393635, 22.8393, 100, 1, 200, 1, 1, 0, 0, 0, 1, 0
1635342595541, 22.75, 100, EDGX, 22.82, 200, XNYS, 22.78, 15, XNYS, 17250, 393977, 22.8393, 100, 1, 200, 1, 1, 0, 0, 0, 1, 0
1635342603741, 22.72, 100, XNAS, 22.83, 200, XNAS, 22.74, 10, EDGX, 17260, 394205, 22.8392, 100, 1, 400, 2, 1, 0, 0, 0, 1, 0
1635342604741, 22.71, 100, XNYS, 22.8, 100, XNAS, 22.72, 8, XNAS, 17268, 394386, 22.8391, 100, 1, 100, 1, 1, 0, 0, 0, 1, 0
1635342671806, 22.71, 200, XNYS, 22.8, 100, XNAS, 22.76, 3, ARCX, 17271, 394455, 22.8391, 200, 1, 100, 1, 1, 0, 0, 1, 0, 0
1635342673695, 22.71, 200, XNYS, 22.8, 200, XNAS, 22.71, 2, XADF, 17279, 394636, 22.8391, 200, 1, 200, 1, 1, 1, 0, 0, 1, 0
1635342674148, 22.71, 200, XNYS, 22.8, 200, XNAS, 22.71, 2, XADF, 17281, 394682, 22.8391, 200, 1, 200, 1, 1, 1, 0, 0, 1, 0
1635342699525, 22.76, 500, BATS, 22.84, 400, XNYS, 22.76, 1, BATS, 17282, 394704, 22.8391, 500, 1, 400, 1, 1, 0, 0, 0, 1, 0
1635342699525, 22.74, 300, BATS, 22.84, 400, XNYS, 22.76, 599, BATS, 17881, 408338, 22.8364, 300, 1, 400, 1, 0, 1, 0, 0, 1, 0
1635342715666, 22.74, 300, BATS, 22.83, 100, IEXG, 22.785, 2, XADF, 17883, 408383, 22.8364, 400, 2, 200, 2, 1, 1, 1, 0, 0, 0
1635342723725, 22.74, 100, XNYS, 22.84, 300, XNAS, 22.74, 124, BATS, 18007, 411203, 22.8357, 400, 4, 500, 3, 0, 0, 0, 0, 1, 0
1635342723932, 22.74, 100, XNAS, 22.84, 300, XNAS, 22.745, 100, XADF, 18107, 413478, 22.8352, 300, 3, 700, 4, 0, 1, 0, 0, 1, 0
1635342723934, 22.74, 100, XNAS, 22.84, 300, XNAS, 22.74, 200, XNYS, 18307, 418026, 22.8342, 300, 3, 700, 4, 0, 0, 0, 0, 1, 0
1635342723934, 22.74, 200, XNYS, 22.83, 100, XNYS, 22.74, 176, BATS, 18483, 422028, 22.8333, 300, 2, 100, 1, 0, 1, 0, 0, 1, 0
1635342723934, 22.74, 200, XNYS, 22.83, 200, XNYS, 22.74, 10, XNAS, 18493, 422255, 22.8332, 200, 1, 300, 2, 1, 0, 0, 0, 1, 0
1635342723934, 22.74, 200, XNYS, 22.83, 200, XNYS, 22.74, 100, XNAS, 18593, 424529, 22.8327, 200, 1, 300, 2, 0, 1, 0, 0, 1, 0
1635342723935, 22.74, 200, XNYS, 22.79, 100, XNAS, 22.74, 114, XNYS, 18707, 427122, 22.8322, 200, 1, 200, 2, 0, 0, 0, 0, 1, 0
1635342730539, 22.73, 100, EDGX, 22.84, 300, XNYS, 22.84, 100, XADF, 18807, 429406, 22.8322, 200, 2, 700, 3, 0, 1, 0, 1, 0, 0
1635342783543, 22.72, 100, XNAS, 22.82, 200, XNAS, 22.73, 10, BATS, 18817, 429633, 22.8322, 300, 3, 400, 2, 1, 0, 0, 0, 1, 0
1635342783544, 22.72, 100, XNYS, 22.81, 200, XNYS, 22.76, 20, IEXG, 18837, 430088, 22.8321, 300, 3, 300, 2, 1, 0, 0, 0, 1, 0
1635342783544, 22.72, 100, XNYS, 22.81, 200, XNYS, 22.73, 20, BATS, 18857, 430543, 22.832, 300, 3, 200, 1, 1, 0, 0, 0, 1, 0
1635342783545, 22.72, 100, XNAS, 22.8, 200, XNYS, 22.75, 6, IEXG, 18863, 430679, 22.832, 300, 3, 200, 1, 1, 0, 0, 0, 1, 0
1635342787460, 22.72, 300, EDGA, 22.8, 200, XNYS, 22.76, 8, XADF, 18871, 430861, 22.8319, 600, 4, 200, 1, 1, 1, 1, 0, 0, 0
1635342789546, 22.72, 300, EDGA, 22.8, 200, XNYS, 22.77, 41, BATS, 18912, 431795, 22.8318, 600, 4, 200, 1, 1, 0, 0, 1, 0, 0
1635342789546, 22.72, 300, EDGA, 22.8, 200, XNYS, 22.77, 3, BATS, 18915, 431863, 22.8318, 600, 4, 200, 1, 1, 0, 0, 1, 0, 0
1635342789546, 22.72, 300, EDGA, 22.8, 200, XNYS, 22.77, 4, BATS, 18919, 431954, 22.8318, 600, 4, 200, 1, 1, 0, 0, 1, 0, 0
1635342789546, 22.72, 300, EDGA, 22.8, 200, XNYS, 22.77, 2, BATS, 18921, 432000, 22.8318, 600, 4, 200, 1, 1, 0, 0, 1, 0, 0
1635342789546, 22.72, 300, EDGA, 22.8, 200, XNYS, 22.78, 2, BATS, 18923, 432045, 22.8318, 600, 4, 200, 1, 1, 0, 0, 1, 0, 0
1635342789546, 22.72, 300, EDGA, 22.8, 200, XNYS, 22.78, 4, BATS, 18927, 432136, 22.8317, 600, 4, 200, 1, 1, 0, 0, 1, 0, 0
1635342828354, 22.73, 200, XNYS, 22.79, 100, XNYS, 22.78, 150, XNYS, 19077, 435553, 22.8313, 200, 1, 100, 1, 0, 1, 0, 1, 0, 0
1635342828354, 22.73, 200, XNYS, 22.79, 100, XNYS, 22.79, 51, XNYS, 19128, 436716, 22.8312, 200, 1, 100, 1, 1, 0, 0, 1, 0, 0
1635342828354, 22.73, 200, XNYS, 22.82, 100, XNAS, 22.79, 150, XNYS, 19278, 440134, 22.8309, 200, 1, 100, 1, 0, 1, 0, 1, 0, 0
1635342833066, 22.76, 100, IEXG, 22.82, 200, XNAS, 22.82, 5, XNYS, 19283, 440248, 22.8309, 200, 2, 200, 1, 1, 0, 0, 1, 0, 0
1635342833066, 22.76, 100, IEXG, 22.82, 200, XNAS, 22.82, 50, XNYS, 19333, 441389, 22.8309, 200, 2, 200, 1, 1, 0, 0, 1, 0, 0
1635342833066, 22.76, 100, IEXG, 22.82, 200, XNAS, 22.81, 100, XNAS, 19433, 443670, 22.8308, 200, 2, 200, 1, 0, 1, 0, 1, 0, 0
1635342833066, 22.76, 100, IEXG, 22.82, 100, XNAS, 22.82, 100, XNAS, 19533, 445952, 22.8307, 100, 1, 100, 1, 0, 0, 0, 1, 0, 0
1635342833066, 22.76, 100, IEXG, 22.82, 100, XNAS, 22.82, 5, XNYS, 19538, 446066, 22.8307, 100, 1, 100, 1, 1, 0, 0, 1, 0, 0
1635342833066, 22.76, 100, IEXG, 22.82, 100, XNAS, 22.82, 40, XNYS, 19578, 446979, 22.8307, 100, 1, 100, 1, 1, 0, 0, 1, 0, 0
1635342833066, 22.76, 100, IEXG, 22.85, 100, BATS, 22.82, 4, XNAS, 19582, 447070, 22.8307, 100, 1, 200, 2, 1, 0, 0, 1, 0, 0
1635342833066, 22.76, 100, IEXG, 22.85, 100, BATS, 22.82, 96, XNAS, 19678, 449261, 22.8306, 100, 1, 200, 2, 1, 0, 0, 1, 0, 0
1635342833067, 22.8, 200, EDGX, 22.85, 100, BATS, 22.83, 5, XNYS, 19683, 449375, 22.8306, 400, 3, 100, 1, 1, 0, 0, 1, 0, 0
1635342836550, 22.77, 100, XNYS, 22.88, 100, BATS, 22.8, 2, ARCX, 19685, 449421, 22.8306, 100, 1, 200, 2, 1, 0, 0, 0, 1, 0
1635342843600, 22.77, 200, XNYS, 22.88, 100, XNAS, 22.8, 10, ARCX, 19695, 449649, 22.8306, 200, 1, 100, 1, 1, 0, 0, 0, 1, 0
1635342843600, 22.77, 200, XNYS, 22.88, 300, XNYS, 22.8, 6, BATS, 19701, 449786, 22.8306, 200, 1, 400, 2, 1, 0, 0, 0, 1, 0
1635342844600, 22.77, 200, XNYS, 22.84, 200, XNYS, 22.78, 10, XNAS, 19711, 450014, 22.8306, 200, 1, 200, 1, 1, 0, 0, 0, 1, 0
1635342845572, 22.77, 100, XNYS, 22.83, 100, XNYS, 22.77, 141, XNYS, 19852, 453224, 22.8301, 100, 1, 100, 1, 0, 0, 0, 0, 1, 0
1635342849601, 22.77, 100, XNYS, 22.84, 200, XNYS, 22.77, 57, XNYS, 19909, 454522, 22.83, 100, 1, 200, 1, 1, 0, 0, 0, 1, 0
1635342866349, 22.76, 100, XNYS, 22.83, 100, XNYS, 22.795, 3, XADF, 19912, 454590, 22.83, 100, 1, 100, 1, 1, 1, 1, 0, 0, 0
1635342878405, 22.76, 100, XNYS, 22.83, 100, XNYS, 22.795, 3, XADF, 19915, 454659, 22.83, 100, 1, 100, 1, 1, 1, 1, 0, 0, 0
1635342889512, 22.76, 100, XNYS, 22.83, 100, XNYS, 22.795, 3, XADF, 19918, 454727, 22.83, 100, 1, 100, 1, 1, 1, 1, 0, 0, 0
1635342902171, 22.74, 100, BATS, 22.83, 100, XNAS, 22.785, 3, XADF, 19921, 454796, 22.83, 300, 3, 200, 2, 1, 1, 1, 0, 0, 0
1635342914477, 22.74, 100, BATS, 22.83, 200, XNAS, 22.785, 3, XADF, 19924, 454864, 22.8299, 200, 2, 400, 3, 1, 1, 1, 0, 0, 0
1635342928846, 22.74, 100, BATS, 22.83, 300, XNYS, 22.785, 3, XADF, 19927, 454932, 22.8299, 200, 2, 900, 5, 1, 1, 1, 0, 0, 0
1635342941361, 22.74, 200, XNAS, 22.83, 200, XNYS, 22.785, 3, XADF, 19930, 455001, 22.8299, 300, 2, 500, 3, 1, 1, 1, 0, 0, 0
1635342954698, 22.74, 200, XNAS, 22.83, 200, XNYS, 22.785, 1, XADF, 19931, 455023, 22.8299, 300, 2, 500, 3, 1, 1, 1, 0, 0, 0
1635342957363, 22.74, 200, XNAS, 22.83, 200, XNYS, 22.8299, 40, XADF, 19971, 455937, 22.8299, 300, 2, 600, 4, 1, 1, 0, 1, 0, 0
1635342963610, 22.74, 100, BATS, 22.83, 200, XNYS, 22.74, 41, XNAS, 20012, 456869, 22.8297, 200, 2, 500, 3, 1, 0, 0, 0, 1, 0
1635342963639, 22.74, 100, BATS, 22.81, 100, XNAS, 22.775, 10, XADF, 20022, 457097, 22.8297, 200, 2, 300, 3, 1, 1, 1, 0, 0, 0
1635342963848, 22.74, 100, XNAS, 22.81, 100, XNAS, 22.74, 100, XADF, 20122, 459371, 22.8293, 200, 2, 300, 3, 0, 1, 0, 0, 1, 0
1635342964608, 22.74, 100, XNAS, 22.81, 200, XNYS, 22.74, 10, ARCX, 20132, 459598, 22.8292, 200, 2, 400, 3, 1, 0, 0, 0, 1, 0
1635342964608, 22.74, 100, XNAS, 22.8, 100, XNYS, 22.74, 48, XNAS, 20180, 460690, 22.829, 200, 2, 100, 1, 1, 0, 0, 0, 1, 0
1635342964608, 22.74, 100, XNAS, 22.8, 100, XNYS, 22.74, 11, XNAS, 20191, 460940, 22.829, 200, 2, 100, 1, 1, 0, 0, 0, 1, 0
1635342964608, 22.73, 100, XNYS, 22.8, 100, XNYS, 22.74, 100, XNAS, 20291, 463214, 22.8285, 100, 1, 100, 1, 0, 1, 0, 0, 1, 0
1635342964608, 22.73, 100, XNYS, 22.8, 100, XNYS, 22.74, 100, BATS, 20391, 465488, 22.8281, 100, 1, 100, 1, 0, 1, 0, 0, 1, 0
1635342964608, 22.73, 100, XNYS, 22.8, 100, XNYS, 22.74, 1, EDGX, 20392, 465510, 22.8281, 100, 1, 100, 1, 1, 0, 0, 0, 1, 0
1635342964608, 22.72, 300, EDGA, 22.78, 100, XNAS, 22.73, 100, XNYS, 20492, 467783, 22.8276, 300, 1, 200, 2, 0, 1, 0, 0, 1, 0
1635342964608, 22.74, 100, BATS, 22.78, 100, XNAS, 22.74, 1, EDGX, 20493, 467806, 22.8276, 100, 1, 200, 2, 1, 0, 0, 0, 1, 0
1635342964608, 22.72, 300, EDGA, 22.78, 100, XNAS, 22.74, 100, BATS, 20593, 470080, 22.8272, 300, 1, 200, 2, 0, 1, 0, 0, 1, 0
1635342964608, 22.72, 300, EDGA, 22.78, 100, XNAS, 22.74, 99, EDGX, 20692, 472331, 22.8268, 300, 1, 200, 2, 1, 0, 0, 0, 1, 0
1635342964608, 22.72, 300, EDGA, 22.78, 100, XNAS, 22.72, 10, BATS, 20702, 472559, 22.8267, 300, 1, 200, 2, 1, 0, 0, 0, 1, 0
1635342964608, 22.72, 200, EDGA, 22.78, 100, XNAS, 22.72, 80, EDGA, 20782, 474376, 22.8263, 200, 1, 200, 2, 1, 0, 0, 0, 1, 0
1635342964609, 22.74, 100, EDGX, 22.78, 100, XNYS, 22.74, 100, XNAS, 20882, 476650, 22.8259, 100, 1, 100, 1, 0, 1, 0, 0, 1, 0
1635342964609, 22.74, 100, XNAS, 22.79, 100, XNYS, 22.74, 100, EDGX, 20982, 478924, 22.8255, 100, 1, 100, 1, 0, 1, 0, 0, 1, 0
1635342964610, 22.74, 100, BATS, 22.79, 100, XNYS, 22.74, 100, XNAS, 21082, 481198, 22.8251, 100, 1, 100, 1, 0, 1, 0, 0, 1, 0
1635342964610, 22.74, 100, BATS, 22.79, 100, XNYS, 22.77, 10, XNYS, 21092, 481426, 22.825, 100, 1, 100, 1, 1, 0, 0, 1, 0, 0
1635342975624, 22.75, 100, EDGX, 22.77, 300, XNYS, 22.75, 20, EDGX, 21112, 481881, 22.825, 100, 1, 300, 1, 1, 0, 0, 0, 1, 0
1635342975624, 22.75, 100, EDGX, 22.77, 300, XNYS, 22.75, 16, EDGX, 21128, 482245, 22.8249, 100, 1, 300, 1, 1, 0, 0, 0, 1, 0
1635342975624, 22.75, 100, EDGX, 22.77, 300, XNYS, 22.75, 8, EDGX, 21136, 482427, 22.8249, 100, 1, 300, 1, 1, 0, 0, 0, 1, 0
1635342975624, 22.75, 100, EDGX, 22.77, 300, XNYS, 22.75, 4, EDGX, 21140, 482518, 22.8249, 100, 1, 300, 1, 1, 0, 0, 0, 1, 0
1635342975624, 22.75, 100, EDGX, 22.77, 300, XNYS, 22.75, 152, EDGX, 21292, 485976, 22.8243, 100, 1, 300, 1, 0, 0, 0, 0, 1, 0
1635342975625, 22.72, 200, EDGA, 22.76, 400, XNYS, 22.72, 37, EDGA, 21329, 486817, 22.8242, 200, 1, 600, 2, 1, 0, 0, 0, 1, 0
1635342975625, 22.68, 100, XNAS, 22.76, 400, XNYS, 22.72, 219, EDGA, 21548, 491792, 22.8231, 100, 1, 600, 2, 0, 1, 1, 0, 0, 0
1635343049573, 22.69, 200, XNAS, 22.73, 300, XNYS, 22.7216, 100, XADF, 21648, 494064, 22.8226, 300, 2, 300, 1, 0, 1, 0, 1, 0, 0
1635343049574, 22.69, 100, XNAS, 22.74, 100, EDGX, 22.73, 300, XNYS, 21948, 500883, 22.8214, 200, 2, 100, 1, 0, 1, 0, 1, 0, 0
1635343049574, 22.69, 100, XNAS, 22.74, 100, EDGX, 22.73, 1, ARCX, 21949, 500906, 22.8214, 200, 2, 100, 1, 1, 0, 0, 1, 0, 0
1635343049574, 22.69, 100, XNAS, 22.74, 100, EDGX, 22.73, 2, ARCX, 21951, 500952, 22.8214, 200, 2, 100, 1, 1, 0, 0, 1, 0, 0
1635343049574, 22.71, 100, XNYS, 22.74, 100, EDGX, 22.74, 2, XBOS, 21953, 500997, 22.8213, 100, 1, 100, 1, 1, 0, 0, 1, 0, 0
1635343049574, 22.71, 100, XNYS, 22.79, 200, XNYS, 22.74, 100, EDGX, 22053, 503271, 22.821, 100, 1, 400, 3, 0, 1, 0, 0, 1, 0
1635343049576, 22.7, 100, IEXG, 22.79, 100, XNAS, 22.74, 2, BATS, 22055, 503317, 22.821, 200, 2, 200, 2, 1, 0, 0, 0, 1, 0
1635343071383, 22.7, 100, XNYS, 22.79, 100, XNYS, 22.79, 1, XADF, 22056, 503339, 22.821, 200, 2, 200, 2, 1, 1, 0, 1, 0, 0
1635343103296, 22.75, 100, IEXG, 22.83, 100, XNAS, 22.79, 10, XADF, 22066, 503567, 22.821, 200, 2, 100, 1, 1, 1, 1, 0, 0, 0
1635343111665, 22.74, 300, XNYS, 22.81, 100, XNAS, 22.7624, 500, XADF, 22566, 514948, 22.8197, 400, 2, 100, 1, 0, 1, 0, 0, 1, 0
1635343119392, 22.74, 200, XNYS, 22.81, 100, XNAS, 22.75, 2, XNAS, 22568, 514994, 22.8197, 200, 1, 100, 1, 1, 0, 0, 0, 1, 0
1635343132462, 22.74, 200, XNYS, 22.81, 100, XNAS, 22.81, 1, XADF, 22569, 515017, 22.8197, 200, 1, 100, 1, 1, 1, 0, 1, 0, 0
1635343144092, 22.75, 100, XNAS, 22.81, 100, XNAS, 22.8, 100, XNAS, 22669, 517297, 22.8196, 100, 1, 100, 1, 0, 1, 0, 1, 0, 0
1635343157627, 22.75, 100, IEXG, 22.83, 200, XNAS, 22.77, 100, XNYS, 22769, 519574, 22.8193, 100, 1, 300, 2, 0, 1, 0, 0, 1, 0
1635343157627, 22.75, 100, IEXG, 22.83, 200, XNAS, 22.76, 78, XNYS, 22847, 521349, 22.8191, 100, 1, 300, 2, 1, 0, 0, 0, 1, 0
1635343157628, 22.76, 100, XNYS, 22.83, 200, XNAS, 22.77, 1, MEMX, 22848, 521372, 22.8191, 100, 1, 300, 2, 1, 0, 0, 0, 1, 0
1635343157628, 22.76, 100, XNYS, 22.83, 200, XNAS, 22.77, 20, BATS, 22868, 521827, 22.8191, 100, 1, 300, 2, 1, 0, 0, 0, 1, 0
1635343157628, 22.76, 100, XNYS, 22.83, 200, XNAS, 22.77, 1, EDGA, 22869, 521850, 22.8191, 100, 1, 300, 2, 1, 0, 0, 0, 1, 0
1635343169500, 22.78, 200, XNYS, 22.83, 100, XNAS, 22.805, 10, XADF, 22879, 522078, 22.8191, 200, 1, 100, 1, 1, 1, 1, 0, 0, 0
1635343175465, 22.78, 200, XNAS, 22.83, 100, XNAS, 22.805, 10, XADF, 22889, 522306, 22.8191, 300, 2, 100, 1, 1, 1, 1, 0, 0, 0
1635343175466, 22.78, 200, XNAS, 22.83, 100, XNAS, 22.8, 10, XADF, 22899, 522534, 22.8191, 300, 2, 100, 1, 1, 1, 0, 0, 1, 0
1635343175512, 22.78, 200, XNAS, 22.83, 100, XNAS, 22.79, 1, XNYS, 22900, 522557, 22.8191, 300, 2, 100, 1, 1, 0, 0, 0, 1, 0
1635343175512, 22.78, 200, XNAS, 22.83, 100, XNAS, 22.79, 17, XNAS, 22917, 522944, 22.8191, 300, 2, 200, 2, 1, 0, 0, 0, 1, 0
1635343199907, 22.78, 100, XNAS, 22.83, 100, XNAS, 22.82, 100, XNAS, 23017, 525226, 22.8191, 200, 2, 100, 1, 0, 1, 0, 1, 0, 0
1635343199907, 22.78, 100, XNAS, 22.83, 100, XNAS, 22.83, 44, XNAS, 23061, 526231, 22.8191, 200, 2, 100, 1, 1, 0, 0, 1, 0, 0
1635343199907, 22.78, 100, XNYS, 22.86, 100, XNYS, 22.83, 56, XNAS, 23117, 527509, 22.8191, 200, 2, 100, 1, 1, 0, 0, 1, 0, 0
1635343199907, 22.78, 100, XNYS, 22.86, 100, XNYS, 22.83, 44, XNAS, 23161, 528514, 22.8191, 200, 2, 100, 1, 1, 0, 0, 1, 0, 0
1635343199907, 22.78, 100, XNYS, 22.86, 100, XNYS, 22.83, 34, XNAS, 23195, 529290, 22.8191, 200, 2, 100, 1, 1, 0, 0, 1, 0, 0
1635343199911, 22.8, 100, XASE, 22.86, 100, XNAS, 22.85, 100, XNAS, 23295, 531575, 22.8193, 200, 2, 100, 1, 0, 1, 0, 1, 0, 0
1635343199911, 22.8, 100, XASE, 22.87, 100, XPSX, 22.86, 100, XNAS, 23395, 533861, 22.8195, 200, 2, 200, 2, 0, 1, 0, 1, 0, 0
1635343199912, 22.81, 100, XPSX, 22.88, 100, BATS, 22.87, 100, XNAS, 23495, 536148, 22.8197, 100, 1, 100, 1, 0, 1, 0, 1, 0, 0
1635343199912, 22.81, 200, XPSX, 22.88, 200, BATS, 22.87, 100, BATS, 23595, 538435, 22.8199, 200, 1, 200, 1, 0, 1, 0, 1, 0, 0
1635343199912, 22.81, 200, XPSX, 22.9, 200, XNYS, 22.88, 100, BATS, 23695, 540723, 22.8201, 200, 1, 200, 1, 0, 1, 0, 1, 0, 0
1635343199912, 22.81, 200, XPSX, 22.9, 200, XNYS, 22.88, 100, BATS, 23795, 543011, 22.8204, 200, 1, 200, 1, 0, 1, 0, 1, 0, 0
1635343199913, 22.83, 100, IEXG, 22.9, 300, XNYS, 22.87, 3, IEXG, 23798, 543080, 22.8204, 100, 1, 300, 1, 1, 0, 0, 1, 0, 0
1635343199932, 22.84, 100, XNAS, 22.9, 100, XNYS, 22.89, 100, XNYS, 23898, 545369, 22.8207, 100, 1, 100, 1, 0, 1, 0, 1, 0, 0
1635343199932, 22.84, 100, XNAS, 22.9, 100, XNYS, 22.9, 128, XNYS, 24026, 548300, 22.8211, 100, 1, 100, 1, 0, 0, 0, 1, 0, 0
1635343199932, 22.84, 100, XNAS, 22.9, 100, XNYS, 22.9, 172, XNYS, 24198, 552239, 22.8217, 100, 1, 100, 1, 0, 0, 0, 1, 0, 0
1635343199932, 22.84, 100, XNYS, 22.92, 100, XNYS, 22.9, 1, ARCX, 24199, 552262, 22.8217, 200, 2, 200, 2, 1, 0, 0, 1, 0, 0
1635343199932, 22.84, 100, XNYS, 22.92, 100, XNYS, 22.9, 62, ARCX, 24261, 553681, 22.8219, 200, 2, 200, 2, 1, 0, 0, 1, 0, 0
1635343203406, 22.85, 100, IEXG, 22.93, 200, XNYS, 22.85, 33, IEXG, 24294, 554435, 22.8219, 100, 1, 400, 2, 1, 0, 0, 0, 1, 0
1635343203406, 22.85, 100, IEXG, 22.93, 200, XNYS, 22.85, 1, EDGX, 24295, 554458, 22.8219, 100, 1, 400, 2, 1, 0, 0, 0, 1, 0
1635343203406, 22.85, 100, IEXG, 22.93, 200, XNYS, 22.85, 1, EDGX, 24296, 554481, 22.8219, 100, 1, 400, 2, 1, 0, 0, 0, 1, 0
1635343203406, 22.85, 100, IEXG, 22.93, 200, XNYS, 22.85, 100, IEXG, 24396, 556766, 22.822, 100, 1, 400, 2, 0, 0, 0, 0, 1, 0
1635343203406, 22.85, 100, IEXG, 22.92, 100, XNYS, 22.85, 1, BATY, 24397, 556789, 22.822, 100, 1, 100, 1, 1, 0, 0, 0, 1, 0
1635343204403, 22.84, 100, XNAS, 22.9, 100, XNAS, 22.85, 6, BATS, 24403, 556926, 22.822, 100, 1, 100, 1, 1, 0, 0, 0, 1, 0
1635343204403, 22.84, 100, XNAS, 22.9, 100, XNAS, 22.85, 47, XNAS, 24450, 558000, 22.8221, 100, 1, 100, 1, 1, 0, 0, 0, 1, 0
1635343204404, 22.84, 100, XNAS, 22.9, 100, BATS, 22.85, 22, BATS, 24472, 558503, 22.8221, 100, 1, 100, 1, 1, 0, 0, 0, 1, 0
1635343210885, 22.84, 100, XNAS, 22.87, 100, XNYS, 22.84, 1, XCIS, 24473, 558526, 22.8221, 200, 2, 100, 1, 1, 0, 0, 0, 1, 0
1635343210885, 22.84, 100, XNAS, 22.87, 100, XNYS, 22.84, 1, XCIS, 24474, 558548, 22.8221, 200, 2, 100, 1, 1, 0, 0, 0, 1, 0
1635343212136, 22.84, 100, BATS, 22.87, 100, XNYS, 22.84, 100, XNAS, 24574, 560832, 22.8222, 100, 1, 100, 1, 0, 1, 0, 0, 1, 0
1635343212136, 22.84, 100, BATS, 22.87, 100, XNYS, 22.84, 36, XNAS, 24610, 561655, 22.8222, 100, 1, 100, 1, 1, 0, 0, 0, 1, 0
1635343212136, 22.82, 100, XNYS, 22.87, 100, XNYS, 22.84, 4, XNAS, 24614, 561746, 22.8222, 100, 1, 100, 1, 1, 0, 0, 0, 1, 0
1635343212136, 22.82, 100, XNYS, 22.87, 100, XNYS, 22.84, 25, BATS, 24639, 562317, 22.8222, 100, 1, 100, 1, 1, 0, 0, 0, 1, 0
1635343212136, 22.82, 100, XNYS, 22.87, 100, XNYS, 22.84, 75, BATS, 24714, 564030, 22.8223, 100, 1, 100, 1, 1, 0, 0, 0, 1, 0
1635343212136, 22.82, 100, XNYS, 22.87, 100, XNYS, 22.84, 25, BATS, 24739, 564601, 22.8223, 100, 1, 200, 2, 1, 0, 0, 0, 1, 0
1635343212136, 22.82, 100, XNYS, 22.87, 100, XNYS, 22.84, 26, BATS, 24765, 565195, 22.8223, 100, 1, 200, 2, 1, 0, 0, 0, 1, 0
1635343212136, 22.82, 100, XNYS, 22.87, 100, XNYS, 22.84, 5, XNAS, 24770, 565309, 22.8223, 100, 1, 200, 2, 1, 0, 0, 0, 1, 0
1635343212137, 22.82, 100, XNYS, 22.87, 100, XNYS, 22.84, 22, XNAS, 24792, 565812, 22.8223, 100, 1, 200, 2, 1, 0, 0, 0, 1, 0
1635343281880, 22.82, 100, XNYS, 22.86, 200, XNYS, 22.86, 1, ARCX, 24793, 565834, 22.8223, 100, 1, 300, 2, 1, 0, 0, 1, 0, 0
1635343281880, 22.82, 100, XNYS, 22.86, 100, XNAS, 22.86, 200, XNYS, 24993, 570406, 22.8226, 100, 1, 100, 1, 0, 1, 0, 1, 0, 0
1635343281880, 22.82, 100, XNYS, 22.86, 100, XNAS, 22.87, 75, XNYS, 25068, 572122, 22.8228, 100, 1, 100, 1, 1, 0, 0, 1, 0, 1
1635343281880, 22.82, 100, XNYS, 22.86, 100, XNAS, 22.87, 25, XNYS, 25093, 572693, 22.8228, 100, 1, 100, 1, 1, 0, 0, 1, 0, 1
1635343281880, 22.83, 100, XNYS, 22.86, 100, XNAS, 22.86, 12, XNAS, 25105, 572968, 22.8229, 100, 1, 100, 1, 1, 0, 0, 1, 0, 0
1635343281880, 22.83, 100, XNYS, 22.86, 100, XNAS, 22.86, 20, XNAS, 25125, 573425, 22.8229, 100, 1, 100, 1, 1, 0, 0, 1, 0, 0
1635343281880, 22.83, 200, XNYS, 22.86, 100, XNAS, 22.86, 8, XNAS, 25133, 573608, 22.8229, 200, 1, 100, 1, 1, 0, 0, 1, 0, 0
1635343281880, 22.83, 200, XNYS, 22.86, 100, XNAS, 22.86, 52, XNAS, 25185, 574796, 22.823, 200, 1, 100, 1, 1, 0, 0, 1, 0, 0
1635343281880, 22.83, 200, XNYS, 22.92, 200, XNYS, 22.86, 94, XNAS, 25279, 576945, 22.8231, 200, 1, 500, 4, 1, 0, 0, 0, 1, 0
1635343281881, 22.84, 100, EDGX, 22.92, 100, XPSX, 22.87, 2, EPRL, 25281, 576991, 22.8231, 100, 1, 500, 5, 1, 0, 0, 0, 1, 0
1635343291868, 22.84, 100, IEXG, 22.92, 100, XNAS, 22.85, 29, XADF, 25310, 577654, 22.8231, 200, 2, 300, 3, 1, 1, 0, 0, 1, 0
1635343291869, 22.84, 100, IEXG, 22.92, 100, XNAS, 22.85, 71, XADF, 25381, 579276, 22.8232, 200, 2, 300, 3, 1, 1, 0, 0, 1, 0
1635343291869, 22.84, 100, IEXG, 22.92, 100, XNAS, 22.87, 1, XNYS, 25382, 579299, 22.8232, 200, 2, 300, 3, 1, 0, 0, 0, 1, 0
1635343291869, 22.84, 100, IEXG, 22.91, 200, XNYS, 22.87, 20, XNAS, 25402, 579756, 22.8233, 100, 1, 200, 1, 1, 0, 0, 0, 1, 0
1635343291869, 22.84, 100, IEXG, 22.91, 200, XNYS, 22.85, 8, XNAS, 25410, 579939, 22.8233, 100, 1, 200, 1, 1, 0, 0, 0, 1, 0
1635343351497, 22.81, 100, BATS, 22.88, 100, IEXG, 22.84, 1, XNYS, 25411, 579962, 22.8233, 100, 1, 100, 1, 1, 0, 0, 0, 1, 0
1635343351512, 22.81, 100, BATS, 22.87, 100, IEXG, 22.83, 10, XNAS, 25421, 580190, 22.8233, 100, 1, 200, 2, 1, 0, 0, 0, 1, 0
1635343420093, 22.81, 100, BATS, 22.87, 100, XNAS, 22.84, 1, EDGX, 25422, 580213, 22.8233, 100, 1, 200, 2, 1, 0, 1, 0, 0, 0
1635343424684, 22.81, 100, BATS, 22.85, 100, XNAS, 22.84, 100, XNYS, 25522, 582497, 22.8233, 100, 1, 100, 1, 0, 1, 0, 1, 0, 0
1635343424685, 22.84, 200, XNYS, 22.87, 100, IEXG, 22.85, 100, XNAS, 25622, 584782, 22.8234, 300, 2, 100, 1, 0, 1, 0, 0, 1, 0
1635343425081, 22.85, 100, XNYS, 22.9, 200, XNYS, 22.87, 73, XNAS, 25695, 586452, 22.8236, 100, 1, 400, 3, 1, 0, 0, 0, 1, 0
1635343432421, 22.85, 200, XNYS, 22.9, 100, XNAS, 22.87, 28, BATS, 25723, 587092, 22.8236, 300, 2, 200, 2, 1, 0, 0, 0, 1, 0
1635343432421, 22.85, 200, XNYS, 22.9, 100, XNAS, 22.87, 43, BATS, 25766, 588075, 22.8237, 300, 2, 200, 2, 1, 0, 0, 0, 1, 0
1635343432421, 22.85, 200, XNYS, 22.9, 100, XNAS, 22.87, 1, BATS, 25767, 588098, 22.8237, 300, 2, 200, 2, 1, 0, 0, 0, 1, 0
1635343454413, 22.86, 200, XNAS, 22.94, 200, XNAS, 22.88, 16, BATS, 25783, 588464, 22.8237, 300, 2, 700, 4, 1, 0, 0, 0, 1, 0
1635343454414, 22.86, 200, XNAS, 22.93, 100, XNYS, 22.88, 10, XNAS, 25793, 588693, 22.8238, 300, 2, 100, 1, 1, 0, 0, 0, 1, 0
1635343454414, 22.86, 200, XNAS, 22.93, 100, XNYS, 22.88, 10, XNAS, 25803, 588922, 22.8238, 300, 2, 100, 1, 1, 0, 0, 0, 1, 0
1635343458826, 22.86, 100, XNAS, 22.92, 100, XNYS, 22.86, 27, XNYS, 25830, 589539, 22.8238, 100, 1, 200, 2, 1, 0, 0, 0, 1, 0
1635343458826, 22.85, 100, XNYS, 22.91, 100, XNYS, 22.86, 100, XNAS, 25930, 591825, 22.824, 100, 1, 100, 1, 0, 1, 0, 0, 1, 0
1635343458826, 22.85, 100, XNYS, 22.9, 100, XNYS, 22.86, 1, XNAS, 25931, 591848, 22.824, 100, 1, 100, 1, 1, 0, 0, 0, 1, 0
1635343458826, 22.85, 100, XNYS, 22.9, 100, XNYS, 22.86, 1, EDGA, 25932, 591871, 22.824, 100, 1, 100, 1, 1, 0, 0, 0, 1, 0
1635343458826, 22.85, 100, XNYS, 22.9, 100, XNYS, 22.86, 1, EDGA, 25933, 591894, 22.824, 100, 1, 100, 1, 1, 0, 0, 0, 1, 0
1635343458826, 22.81, 100, MEMX, 22.9, 100, XNYS, 22.85, 90, XNYS, 26023, 593950, 22.8241, 300, 3, 100, 1, 1, 0, 0, 0, 1, 0
1635343528010, 22.77, 100, EDGX, 22.85, 100, XNYS, 22.81, 17, EDGX, 26040, 594338, 22.824, 200, 2, 200, 2, 1, 0, 1, 0, 0, 0
1635343528010, 22.77, 100, EDGX, 22.85, 100, XNYS, 22.81, 3, EDGX, 26043, 594406, 22.824, 200, 2, 100, 1, 1, 0, 1, 0, 0, 0
1635343530493, 22.77, 200, BATS, 22.82, 100, XNYS, 22.82, 1, XNAS, 26044, 594429, 22.824, 300, 2, 100, 1, 1, 0, 0, 1, 0, 0
1635343558466, 22.77, 200, EDGX, 22.83, 100, BATS, 22.83, 40, XNYS, 26084, 595342, 22.824, 300, 2, 200, 2, 1, 0, 0, 1, 0, 0
1635343558466, 22.77, 200, EDGX, 22.83, 100, BATS, 22.83, 60, XNYS, 26144, 596712, 22.8241, 300, 2, 200, 2, 1, 0, 0, 1, 0, 0
1635343558466, 22.77, 200, EDGX, 22.83, 100, BATS, 22.83, 18, BATS, 26162, 597123, 22.8241, 300, 2, 200, 2, 1, 0, 0, 1, 0, 0
1635343558466, 22.77, 200, EDGX, 22.83, 100, BATS, 22.83, 50, BATS, 26212, 598265, 22.8241, 300, 2, 200, 2, 1, 0, 0, 1, 0, 0
1635343558466, 22.77, 200, EDGX, 22.83, 100, XNAS, 22.83, 24, BATS, 26236, 598813, 22.8241, 300, 2, 100, 1, 1, 0, 0, 1, 0, 0
1635343558466, 22.77, 200, EDGX, 22.83, 100, XNAS, 22.83, 4, BATS, 26240, 598904, 22.8241, 300, 2, 100, 1, 1, 0, 0, 1, 0, 0
1635343558466, 22.8, 200, XNYS, 22.83, 100, XNAS, 22.83, 6, BATS, 26246, 599041, 22.8241, 200, 1, 100, 1, 1, 0, 0, 1, 0, 0
1635343558466, 22.8, 200, XNYS, 22.83, 100, XNAS, 22.83, 1, BATS, 26247, 599064, 22.8241, 200, 1, 100, 1, 1, 0, 0, 1, 0, 0
1635343558466, 22.8, 200, XNYS, 22.83, 100, XNAS, 22.83, 3, BATS, 26250, 599132, 22.8241, 200, 1, 100, 1, 1, 0, 0, 1, 0, 0
1635343558467, 22.8, 300, XNYS, 22.83, 100, XNAS, 22.83, 10, BATS, 26260, 599361, 22.8241, 300, 1, 100, 1, 1, 0, 0, 1, 0, 0
1635343558467, 22.8, 300, XNYS, 22.83, 100, XNAS, 22.83, 10, XNAS, 26270, 599589, 22.8241, 300, 1, 100, 1, 1, 0, 0, 1, 0, 0
1635343558467, 22.8, 300, XNYS, 22.83, 100, XNAS, 22.83, 5, BATS, 26275, 599703, 22.8241, 300, 1, 100, 1, 1, 0, 0, 1, 0, 0
1635343558467, 22.8, 300, XNYS, 22.88, 100, XNAS, 22.83, 100, XNAS, 26375, 601986, 22.8241, 300, 1, 100, 1, 0, 1, 0, 0, 1, 0
1635343558467, 22.81, 100, XPSX, 22.91, 200, XNYS, 22.83, 15, XNAS, 26390, 602328, 22.8241, 200, 2, 400, 3, 1, 0, 0, 0, 1, 0
1635343559676, 22.81, 100, EDGA, 22.9, 200, XNYS, 22.87, 100, EDGA, 26490, 604615, 22.8243, 100, 1, 300, 2, 0, 1, 0, 1, 0, 0
1635343559676, 22.81, 100, EDGA, 22.9, 200, XNYS, 22.87, 81, XNAS, 26571, 606468, 22.8244, 200, 2, 300, 2, 1, 0, 0, 1, 0, 0
1635343588012, 22.82, 100, EDGA, 22.88, 200, BATS, 22.85, 1, IEXG, 26572, 606491, 22.8244, 100, 1, 500, 3, 1, 0, 1, 0, 0, 0
1635343588012, 22.82, 100, EDGA, 22.88, 200, BATS, 22.85, 1, IEXG, 26573, 606514, 22.8244, 100, 1, 500, 3, 1, 0, 1, 0, 0, 0
1635343588012, 22.82, 100, EDGA, 22.88, 200, BATS, 22.85, 2, IEXG, 26575, 606559, 22.8244, 100, 1, 500, 3, 1, 0, 1, 0, 0, 0
1635343588012, 22.82, 100, EDGA, 22.88, 200, BATS, 22.85, 97, IEXG, 26672, 608776, 22.8245, 100, 1, 500, 3, 1, 0, 1, 0, 0, 0
1635343631319, 22.81, 200, XNYS, 22.86, 100, XNAS, 22.81, 100, IEXG, 26772, 611057, 22.8245, 400, 3, 300, 3, 0, 1, 0, 0, 1, 0
1635343631319, 22.81, 200, XNYS, 22.86, 100, XNAS, 22.81, 100, XPSX, 26872, 613338, 22.8244, 400, 3, 200, 2, 0, 1, 0, 0, 1, 0
1635343631319, 22.81, 200, XNYS, 22.86, 100, BATS, 22.81, 30, MEMX, 26902, 614022, 22.8244, 600, 4, 300, 3, 1, 0, 0, 0, 1, 0
1635343631320, 22.81, 200, XNYS, 22.86, 100, BATS, 22.81, 27, EDGX, 26929, 614638, 22.8244, 600, 4, 300, 3, 1, 0, 0, 0, 1, 0
1635343631320, 22.81, 200, XNYS, 22.86, 100, XNYS, 22.81, 100, XPSX, 27029, 616919, 22.8243, 400, 2, 400, 4, 0, 1, 0, 0, 1, 0
1635343633423, 22.81, 100, XNYS, 22.85, 100, XNYS, 22.81, 12, XNYS, 27084, 618174, 22.8243, 100, 1, 100, 1, 1, 0, 0, 0, 1, 0
1635343633496, 22.8, 100, XNAS, 22.86, 200, XNAS, 22.81, 189, XNYS, 27273, 622485, 22.8242, 100, 1, 500, 4, 0, 1, 0, 0, 1, 0
1635343633496, 22.8, 100, XNAS, 22.86, 200, XNAS, 22.81, 1, ARCX, 27274, 622508, 22.8242, 100, 1, 800, 5, 1, 0, 0, 0, 1, 0
1635343633496, 22.8, 100, XNAS, 22.86, 200, XNAS, 22.81, 1, ARCX, 27275, 622531, 22.8242, 100, 1, 800, 5, 1, 0, 0, 0, 1, 0
1635343633496, 22.8, 100, XNAS, 22.86, 200, XNAS, 22.81, 1, ARCX, 27276, 622554, 22.8242, 100, 1, 800, 5, 1, 0, 0, 0, 1, 0
1635343633496, 22.8, 100, XNAS, 22.86, 200, XNAS, 22.81, 1, BATS, 27277, 622577, 22.8242, 100, 1, 800, 5, 1, 0, 0, 0, 1, 0
1635343633496, 22.8, 100, XNAS, 22.86, 200, XNAS, 22.81, 1, BATS, 27278, 622599, 22.8242, 100, 1, 800, 5, 1, 0, 0, 0, 1, 0
1635343633496, 22.8, 100, XNAS, 22.86, 200, XNAS, 22.81, 23, BATS, 27301, 623124, 22.8242, 100, 1, 800, 5, 1, 0, 0, 0, 1, 0
1635343633496, 22.8, 100, XNAS, 22.83, 100, XNYS, 22.81, 23, XNAS, 27324, 623649, 22.8242, 100, 1, 300, 3, 1, 0, 0, 0, 1, 0
1635343633498, 22.78, 100, XNYS, 22.82, 100, XNAS, 22.8, 27, XNAS, 27351, 624264, 22.8242, 100, 1, 100, 1, 1, 0, 1, 0, 0, 0
1635343633498, 22.78, 100, XNYS, 22.82, 100, XNAS, 22.8, 73, XNAS, 27424, 625929, 22.8241, 100, 1, 100, 1, 1, 0, 1, 0, 0, 0
1635343633498, 22.78, 100, XNYS, 22.81, 100, XNAS, 22.8, 27, XNAS, 27451, 626544, 22.8241, 100, 1, 100, 1, 1, 0, 0, 1, 0, 0
1635343633498, 22.78, 100, XNYS, 22.81, 100, XNAS, 22.8, 23, XNAS, 27474, 627069, 22.8241, 100, 1, 100, 1, 1, 0, 0, 1, 0, 0
1635343633498, 22.78, 100, XNYS, 22.81, 100, XNAS, 22.8, 36, BATS, 27510, 627889, 22.824, 100, 1, 100, 1, 1, 0, 0, 1, 0, 0
1635343633498, 22.78, 100, XNYS, 22.81, 100, XNAS, 22.8, 35, EDGX, 27545, 628687, 22.824, 100, 1, 100, 1, 1, 0, 0, 1, 0, 0
1635343633498, 22.78, 100, XNYS, 22.81, 100, XNAS, 22.8, 18, EDGX, 27563, 629098, 22.824, 100, 1, 100, 1, 1, 0, 0, 1, 0, 0
1635343638556, 22.79, 100, XNYS, 22.81, 100, XNAS, 22.8, 100, BATS, 27663, 631378, 22.8239, 100, 1, 100, 1, 0, 1, 1, 0, 0, 0
1635343638567, 22.79, 100, XNYS, 22.81, 100, XNAS, 22.81, 100, XADF, 27763, 633659, 22.8239, 400, 4, 100, 1, 0, 1, 0, 1, 0, 0
1635343641083, 22.8, 100, XNYS, 22.81, 100, XNAS, 22.81, 25, BATS, 27788, 634229, 22.8238, 100, 1, 100, 1, 1, 0, 0, 1, 0, 0
1635343641083, 22.8, 100, EDGX, 22.84, 200, MEMX, 22.81, 100, XNAS, 27888, 636510, 22.8238, 400, 4, 200, 1, 0, 1, 0, 0, 1, 0
1635343641083, 22.8, 100, EDGX, 22.84, 200, MEMX, 22.81, 12, XNAS, 27900, 636784, 22.8238, 500, 5, 200, 1, 1, 0, 0, 0, 1, 0
1635343641083, 22.8, 100, XNYS, 22.84, 200, MEMX, 22.81, 27, BATS, 27927, 637400, 22.8238, 500, 5, 200, 1, 1, 0, 0, 0, 1, 0
1635343737244, 22.77, 100, MEMX, 22.84, 200, XNYS, 22.835, 1, XADF, 27928, 637423, 22.8238, 200, 2, 400, 2, 1, 1, 0, 1, 0, 0
1635343768168, 22.73, 100, IEXG, 22.79, 100, XNYS, 22.76, 4, XADF, 27932, 637514, 22.8238, 100, 1, 200, 2, 1, 1, 1, 0, 0, 0
1635343772510, 22.73, 100, IEXG, 22.79, 100, XNAS, 22.79, 100, XNYS, 28032, 639793, 22.8237, 100, 1, 100, 1, 0, 1, 0, 1, 0, 0
1635343772511, 22.76, 100, XNYS, 22.85, 100, BATS, 22.79, 1, XNAS, 28033, 639815, 22.8236, 100, 1, 100, 1, 1, 0, 0, 0, 1, 0
1635343772511, 22.76, 100, XNYS, 22.85, 100, BATS, 22.79, 100, XNAS, 28133, 642094, 22.8235, 100, 1, 100, 1, 0, 1, 0, 0, 1, 0
1635343773011, 22.77, 100, BATS, 22.85, 200, XNYS, 22.81, 1, XNAS, 28134, 642117, 22.8235, 300, 3, 300, 2, 1, 0, 1, 0, 0, 0
1635343857169, 22.79, 100, IEXG, 22.85, 100, XNAS, 22.845, 1, XADF, 28135, 642140, 22.8235, 100, 1, 200, 2, 1, 1, 0, 1, 0, 0
1635343868548, 22.79, 100, IEXG, 22.84, 100, EDGA, 22.8, 100, XADF, 28235, 644420, 22.8234, 100, 1, 300, 3, 0, 1, 0, 0, 1, 0
1635343868560, 22.74, 300, XNYS, 22.84, 100, XNAS, 22.79, 1, XCIS, 28236, 644443, 22.8234, 300, 1, 200, 2, 1, 0, 1, 0, 0, 0
1635343868560, 22.74, 300, XNYS, 22.84, 100, XNAS, 22.79, 1, XCIS, 28237, 644466, 22.8234, 300, 1, 200, 2, 1, 0, 1, 0, 0, 0
1635343868560, 22.74, 300, XNYS, 22.84, 100, XNAS, 22.79, 1, XCIS, 28238, 644488, 22.8234, 300, 1, 200, 2, 1, 0, 1, 0, 0, 0
1635343868560, 22.74, 300, XNYS, 22.84, 100, XNAS, 22.79, 97, XCIS, 28335, 646699, 22.8233, 300, 1, 200, 2, 1, 0, 1, 0, 0, 0
1635343917188, 22.75, 100, IEXG, 22.83, 100, XNYS, 22.825, 1, XADF, 28336, 646722, 22.8233, 300, 3, 200, 2, 1, 1, 0, 1, 0, 0
1635343920583, 22.75, 100, EDGA, 22.83, 200, XNYS, 22.79, 5, XADF, 28341, 646836, 22.8233, 100, 1, 500, 3, 1, 1, 1, 0, 0, 0
1635343977172, 22.74, 100, XNYS, 22.82, 100, XNYS, 22.81, 2, XADF, 28343, 646881, 22.8233, 200, 2, 200, 2, 1, 1, 0, 1, 0, 0
1635343988692, 22.74, 200, XNYS, 22.82, 200, XNYS, 22.74, 100, XADF, 28443, 649155, 22.823, 200, 1, 500, 4, 0, 1, 0, 0, 1, 0
1635343988723, 22.74, 200, XNYS, 22.81, 100, XNAS, 22.74, 100, XADF, 28543, 651429, 22.8227, 200, 1, 200, 2, 0, 1, 0, 0, 1, 0
1635343992949, 22.74, 200, XNYS, 22.82, 100, BATS, 22.81, 26, EDGA, 28569, 652022, 22.8227, 300, 2, 300, 3, 1, 0, 0, 1, 0, 0
1635343992949, 22.74, 200, XNYS, 22.82, 100, BATS, 22.81, 11, EDGA, 28580, 652273, 22.8227, 300, 2, 300, 3, 1, 0, 0, 1, 0, 0
1635343992950, 22.76, 100, EDGA, 22.82, 100, XNYS, 22.81, 13, EDGA, 28593, 652570, 22.8227, 300, 3, 300, 3, 1, 0, 0, 1, 0, 0
1635343992951, 22.76, 200, XNAS, 22.82, 100, XNYS, 22.81, 47, EDGA, 28640, 653642, 22.8227, 300, 2, 300, 3, 1, 0, 0, 1, 0, 0
1635343992951, 22.76, 200, XNAS, 22.82, 100, XNYS, 22.82, 79, EDGA, 28719, 655445, 22.8227, 300, 2, 200, 2, 1, 0, 0, 1, 0, 0
1635343992951, 22.76, 200, XNAS, 22.82, 100, BATS, 22.82, 161, XNYS, 28880, 659119, 22.8227, 300, 2, 100, 1, 0, 1, 0, 1, 0, 0
1635343992951, 22.76, 200, XNAS, 22.86, 100, XNYS, 22.82, 100, BATS, 29019, 662291, 22.8227, 400, 3, 100, 1, 0, 1, 0, 1, 0, 0
1635343992951, 22.78, 100, XNYS, 22.87, 100, XNYS, 22.82, 50, MEMX, 29069, 663432, 22.8227, 100, 1, 100, 1, 1, 0, 0, 0, 1, 0
1635343992951, 22.78, 100, XNYS, 22.88, 200, XNAS, 22.82, 16, XNAS, 29085, 663797, 22.8227, 100, 1, 400, 3, 1, 0, 0, 0, 1, 0
1635343992951, 22.78, 100, XNYS, 22.88, 200, XNAS, 22.82, 17, BATS, 29102, 664185, 22.8227, 200, 2, 400, 3, 1, 0, 0, 0, 1, 0
1635343992952, 22.79, 100, BATS, 22.88, 400, XNAS, 22.82, 10, XNAS, 29112, 664413, 22.8227, 300, 3, 600, 3, 1, 0, 0, 0, 1, 0
1635344019927, 22.79, 400, XNAS, 22.87, 200, XNYS, 22.83, 100, XADF, 29212, 666696, 22.8227, 900, 3, 300, 2, 0, 1, 1, 0, 0, 0
1635344037239, 22.79, 200, XNYS, 22.87, 100, XNYS, 22.87, 1, XADF, 29213, 666719, 22.8227, 400, 2, 200, 2, 1, 1, 0, 1, 0, 0
1635344046092, 22.79, 400, XNAS, 22.87, 200, XNAS, 22.86, 1, EDGA, 29214, 666742, 22.8227, 600, 3, 500, 4, 1, 0, 0, 1, 0, 0
1635344064226, 22.79, 100, XNAS, 22.86, 100, XNAS, 22.84, 1, EDGX, 29215, 666765, 22.8227, 100, 1, 100, 1, 1, 0, 0, 1, 0, 0
1635344064228, 22.77, 400, XNAS, 22.86, 100, MEMX, 22.84, 16, XADF, 29231, 667130, 22.8227, 600, 2, 500, 5, 1, 1, 0, 1, 0, 0
1635344075877, 22.77, 400, XNYS, 22.87, 300, XNYS, 22.83, 1, XNYS, 29232, 667153, 22.8227, 800, 3, 600, 4, 1, 0, 0, 1, 0, 0
1635344093866, 22.78, 100, XNAS, 22.85, 100, IEXG, 22.8, 1, XNYS, 29233, 667176, 22.8227, 100, 1, 100, 1, 1, 0, 0, 0, 1, 0
1635344093866, 22.78, 100, XNAS, 22.85, 300, XNYS, 22.8, 1, XNAS, 29234, 667198, 22.8227, 100, 1, 400, 2, 1, 0, 0, 0, 1, 0
1635344093866, 22.78, 100, XNAS, 22.85, 300, XNYS, 22.8, 1, XNAS, 29235, 667221, 22.8227, 100, 1, 400, 2, 1, 0, 0, 0, 1, 0
1635344093866, 22.78, 100, XNAS, 22.85, 300, XNYS, 22.8, 1, XNAS, 29236, 667244, 22.8227, 100, 1, 400, 2, 1, 0, 0, 0, 1, 0
1635344117110, 22.77, 300, XNAS, 22.87, 300, XNYS, 22.81, 1, MEMX, 29237, 667267, 22.8227, 600, 3, 500, 2, 1, 0, 0, 0, 1, 0
1635344128012, 22.77, 100, XNAS, 22.83, 100, IEXG, 22.8, 1, XNYS, 29238, 667290, 22.8227, 200, 2, 100, 1, 1, 0, 1, 0, 0, 0
1635344128012, 22.77, 100, XNAS, 22.83, 200, XNYS, 22.77, 22, XNYS, 29260, 667791, 22.8226, 200, 2, 300, 2, 1, 0, 0, 0, 1, 0
1635344128012, 22.77, 100, BATS, 22.83, 100, IEXG, 22.77, 31, XNAS, 29291, 668496, 22.8226, 100, 1, 200, 2, 1, 0, 0, 0, 1, 0
1635344128012, 22.77, 100, BATS, 22.83, 100, IEXG, 22.77, 100, XNAS, 29391, 670773, 22.8224, 100, 1, 200, 2, 0, 1, 0, 0, 1, 0
1635344128012, 22.77, 100, BATS, 22.83, 100, IEXG, 22.77, 32, XNAS, 29423, 671502, 22.8224, 100, 1, 200, 2, 1, 0, 0, 0, 1, 0
1635344128013, 22.75, 200, XNYS, 22.8, 200, XNAS, 22.77, 18, BATS, 29441, 671912, 22.8223, 200, 1, 200, 1, 1, 0, 0, 0, 1, 0
1635344128013, 22.75, 200, XNYS, 22.8, 200, XNAS, 22.77, 82, BATS, 29523, 673779, 22.8222, 200, 1, 200, 1, 1, 0, 0, 0, 1, 0
1635344128013, 22.75, 200, XNYS, 22.8, 200, XNAS, 22.77, 18, BATS, 29541, 674189, 22.8221, 200, 1, 200, 1, 1, 0, 0, 0, 1, 0
1635344128013, 22.75, 200, XNYS, 22.8, 200, XNAS, 22.77, 53, BATS, 29594, 675396, 22.8221, 200, 1, 200, 1, 1, 0, 0, 0, 1, 0
1635344128013, 22.75, 200, XNYS, 22.8, 200, XNAS, 22.77, 10, BATS, 29604, 675624, 22.822, 200, 1, 200, 1, 1, 0, 0, 0, 1, 0
1635344128013, 22.75, 100, XNYS, 22.79, 200, EDGX, 22.75, 3, XNYS, 29607, 675692, 22.822, 100, 1, 500, 4, 1, 0, 0, 0, 1, 0
1635344145510, 22.74, 100, XNAS, 22.81, 100, IEXG, 22.78, 1, XNYS, 29653, 676739, 22.8219, 100, 1, 100, 1, 1, 0, 0, 1, 0, 0
1635344145511, 22.75, 100, XNYS, 22.81, 100, IEXG, 22.78, 2, XPSX, 29655, 676785, 22.8219, 100, 1, 100, 1, 1, 0, 1, 0, 0, 0
1635344165933, 22.74, 200, XNYS, 22.83, 300, XNYS, 22.81, 36, XADF, 29691, 677606, 22.8219, 600, 4, 600, 3, 1, 1, 0, 1, 0, 0
1635344175331, 22.74, 200, XNYS, 22.83, 200, XNYS, 22.7927, 7, XADF, 29698, 677765, 22.8219, 600, 3, 300, 2, 1, 1, 0, 1, 0, 0
1635344217134, 22.76, 300, XNAS, 22.83, 100, XNYS, 22.78, 1, XADF, 29699, 677788, 22.8219, 700, 3, 100, 1, 1, 1, 0, 0, 1, 0
1635344217359, 22.77, 100, EDGA, 22.83, 100, XNYS, 22.83, 1, XADF, 29700, 677811, 22.8219, 100, 1, 100, 1, 1, 1, 0, 1, 0, 0
1635344233851, 22.77, 200, XNAS, 22.83, 100, XNYS, 22.81, 1, BATS, 29701, 677834, 22.8219, 500, 3, 100, 1, 1, 0, 0, 1, 0, 0
1635344233852, 22.78, 300, XNYS, 22.83, 100, XNYS, 22.81, 1, IEXG, 29702, 677857, 22.8219, 800, 5, 100, 1, 1, 0, 0, 1, 0, 0
1635344233852, 22.78, 300, XNYS, 22.83, 100, XNYS, 22.81, 1, IEXG, 29703, 677879, 22.8219, 800, 5, 100, 1, 1, 0, 0, 1, 0, 0
1635344241388, 22.78, 300, XNYS, 22.83, 100, XNYS, 22.7941, 100, XADF, 29703, 677879, 22.8219, 600, 4, 100, 1, 0, 1, 0, 0, 1, 0
1635344242046, 22.78, 100, BATS, 22.83, 100, EDGA, 22.83, 20, XNAS, 29723, 678336, 22.8219, 300, 3, 200, 2, 1, 0, 0, 1, 0, 0
1635344242046, 22.78, 100, XNYS, 22.83, 100, XNYS, 22.83, 93, EDGA, 29816, 680459, 22.822, 300, 3, 100, 1, 1, 0, 0, 1, 0, 0
1635344242046, 22.78, 100, XNYS, 22.83, 100, XNYS, 22.83, 7, EDGA, 29823, 680619, 22.822, 300, 3, 100, 1, 1, 0, 0, 1, 0, 0
1635344242046, 22.78, 100, XNYS, 22.83, 100, XNYS, 22.82, 3, MEMX, 29826, 680688, 22.822, 300, 3, 100, 1, 1, 0, 0, 1, 0, 0
1635344251121, 22.8, 100, XNYS, 22.83, 100, XNYS, 22.81, 1, EDGX, 29827, 680710, 22.822, 100, 1, 100, 1, 1, 0, 0, 0, 1, 0
1635344284966, 22.79, 100, XNAS, 22.83, 100, XNYS, 22.8, 34, XNYS, 29861, 681486, 22.8219, 200, 2, 200, 2, 1, 0, 0, 0, 1, 0
1635344284966, 22.79, 100, XNAS, 22.83, 100, XNYS, 22.8, 16, XNYS, 29877, 681850, 22.8219, 200, 2, 200, 2, 1, 0, 0, 0, 1, 0
1635344284966, 22.79, 100, XNAS, 22.83, 100, XNYS, 22.8, 1, XNYS, 29878, 681873, 22.8219, 200, 2, 200, 2, 1, 0, 0, 0, 1, 0
1635344284966, 22.79, 100, XNAS, 22.82, 100, XNYS, 22.8, 2, XNAS, 29880, 681919, 22.8219, 200, 2, 100, 1, 1, 0, 0, 0, 1, 0
1635344284967, 22.79, 100, XNAS, 22.81, 200, EDGX, 22.79, 2, ARCX, 29882, 681964, 22.8219, 200, 2, 300, 2, 1, 0, 0, 0, 1, 0
1635344284967, 22.79, 100, XNAS, 22.81, 200, EDGX, 22.79, 1, ARCX, 29883, 681987, 22.8219, 200, 2, 300, 2, 1, 0, 0, 0, 1, 0
1635344284968, 22.79, 100, BATS, 22.81, 200, EDGX, 22.79, 100, BATS, 29983, 684266, 22.8218, 200, 2, 400, 3, 0, 0, 0, 0, 1, 0
1635344284968, 22.79, 100, BATS, 22.81, 200, EDGX, 22.79, 47, BATS, 30030, 685337, 22.8218, 200, 2, 400, 3, 1, 0, 0, 0, 1, 0
1635344284968, 22.79, 100, XNAS, 22.81, 200, EDGX, 22.79, 4, BATS, 30034, 685428, 22.8217, 100, 1, 400, 3, 1, 0, 0, 0, 1, 0
1635344284968, 22.76, 200, XNAS, 22.8, 100, XNYS, 22.79, 71, XNAS, 30105, 687047, 22.8217, 300, 2, 100, 1, 1, 0, 0, 1, 0, 0
1635344284968, 22.76, 200, XNAS, 22.8, 100, XNYS, 22.79, 29, XNAS, 30134, 687707, 22.8216, 300, 2, 100, 1, 1, 0, 0, 1, 0, 0
1635344288051, 22.76, 100, XNAS, 22.79, 100, XNAS, 22.77, 2, XNAS, 30136, 687753, 22.8216, 100, 1, 300, 3, 1, 0, 0, 0, 1, 0
1635344292238, 22.76, 100, XNAS, 22.79, 200, XNAS, 22.76, 1, ARCX, 30137, 687776, 22.8216, 100, 1, 400, 3, 1, 0, 0, 0, 1, 0
1635344292238, 22.76, 100, XNAS, 22.79, 200, XNAS, 22.76, 51, XNYS, 30188, 688936, 22.8215, 100, 1, 400, 3, 1, 0, 0, 0, 1, 0
1635344292238, 22.73, 100, XNYS, 22.78, 100, XNYS, 22.76, 100, XNAS, 30288, 691212, 22.8213, 100, 1, 100, 1, 0, 1, 0, 1, 0, 0
1635344292238, 22.73, 100, XNYS, 22.78, 100, XNYS, 22.76, 2, XNAS, 30290, 691258, 22.8213, 100, 1, 100, 1, 1, 0, 0, 1, 0, 0
1635344292238, 22.73, 100, XNYS, 22.78, 100, XNYS, 22.76, 20, BATS, 30310, 691713, 22.8213, 100, 1, 100, 1, 1, 0, 0, 1, 0, 0
1635344323855, 22.73, 100, XNYS, 22.77, 200, XNYS, 22.75, 1, BATS, 30311, 691736, 22.8213, 100, 1, 700, 5, 1, 0, 1, 0, 0, 0
1635344325028, 22.73, 100, XNAS, 22.77, 200, XNAS, 22.7535, 44, XADF, 30355, 692737, 22.8212, 200, 2, 500, 4, 1, 1, 0, 1, 0, 0
1635344366397, 22.73, 100, XNYS, 22.77, 200, XNAS, 22.778, 100, XADF, 30355, 692737, 22.8212, 100, 1, 500, 4, 0, 1, 0, 1, 0, 1
1635344368016, 22.73, 100, XNYS, 22.77, 200, XNAS, 22.75, 1, ARCX, 30356, 692760, 22.8212, 100, 1, 500, 4, 1, 0, 1, 0, 0, 0
1635344371089, 22.69, 100, XNYS, 22.77, 200, XNAS, 22.73, 100, XNYS, 30456, 695033, 22.8209, 100, 1, 600, 5, 0, 1, 1, 0, 0, 0
1635344371089, 22.69, 100, XNYS, 22.77, 200, XNAS, 22.73, 2, EDGX, 30458, 695078, 22.8209, 100, 1, 700, 5, 1, 0, 1, 0, 0, 0
1635344371090, 22.69, 100, XNYS, 22.77, 200, XNAS, 22.73, 1, BATS, 30459, 695101, 22.8209, 100, 1, 700, 5, 1, 0, 1, 0, 0, 0
1635344371090, 22.69, 100, XNYS, 22.77, 200, XNAS, 22.73, 1, BATS, 30460, 695124, 22.8209, 100, 1, 700, 5, 1, 0, 1, 0, 0, 0
1635344371090, 22.69, 100, XNYS, 22.74, 100, XNYS, 22.73, 2, MEMX, 30462, 695169, 22.8209, 100, 1, 100, 1, 1, 0, 0, 1, 0, 0
1635344371090, 22.69, 100, XNYS, 22.74, 100, XNYS, 22.73, 1, MEMX, 30463, 695192, 22.8209, 100, 1, 100, 1, 1, 0, 0, 1, 0, 0
1635344371090, 22.69, 100, XNYS, 22.74, 200, XNYS, 22.73, 10, XNAS, 30473, 695419, 22.8208, 100, 1, 200, 1, 1, 0, 0, 1, 0, 0
1635344391724, 22.69, 100, XNYS, 22.74, 200, XNYS, 22.72, 1, XNYS, 30474, 695442, 22.8208, 300, 3, 400, 2, 1, 0, 0, 1, 0, 0
1635344393719, 22.7, 100, XNYS, 22.74, 200, XNAS, 22.7284, 50, XADF, 30524, 696578, 22.8207, 200, 2, 300, 2, 1, 1, 0, 1, 0, 0
1635344440531, 22.71, 100, EDGX, 22.74, 200, EDGX, 22.73, 6, XNAS, 30530, 696715, 22.8207, 200, 2, 200, 1, 1, 0, 0, 1, 0, 0
1635344440531, 22.73, 100, XNAS, 22.74, 100, EDGX, 22.74, 100, EDGX, 30630, 698989, 22.8204, 100, 1, 100, 1, 0, 0, 0, 1, 0, 0
1635344440531, 22.73, 100, XNAS, 22.77, 300, XNYS, 22.74, 70, EDGX, 30700, 700581, 22.8202, 100, 1, 500, 3, 1, 0, 0, 0, 1, 0
1635344440531, 22.73, 100, XNAS, 22.77, 300, XNYS, 22.74, 30, EDGX, 30730, 701263, 22.8201, 100, 1, 500, 3, 1, 0, 0, 0, 1, 0
1635344440532, 22.74, 100, MEMX, 22.77, 100, BATS, 22.75, 90, ARCX, 30820, 703310, 22.8199, 100, 1, 200, 2, 1, 0, 0, 0, 1, 0
1635344442331, 22.74, 100, MEMX, 22.78, 200, XNYS, 22.76, 1, BATS, 30821, 703333, 22.8199, 100, 1, 400, 3, 1, 0, 1, 0, 0, 0
1635344470928, 22.72, 100, XNYS, 22.77, 200, XNYS, 22.72, 1, XCIS, 30822, 703356, 22.8199, 200, 2, 600, 4, 1, 0, 0, 0, 1, 0
1635344470928, 22.72, 100, XNYS, 22.77, 200, XNYS, 22.72, 1, XCIS, 30823, 703378, 22.8199, 200, 2, 600, 4, 1, 0, 0, 0, 1, 0
1635344470929, 22.72, 100, XNAS, 22.77, 200, XNAS, 22.72, 140, XNYS, 30963, 706559, 22.8195, 100, 1, 700, 5, 0, 1, 0, 0, 1, 0
1635344470929, 22.72, 100, XNAS, 22.76, 100, XNYS, 22.72, 61, XNAS, 31024, 707945, 22.8193, 100, 1, 200, 2, 1, 0, 0, 0, 1, 0
1635344470929, 22.7, 100, XNYS, 22.76, 100, XNYS, 22.72, 64, XNAS, 31088, 709399, 22.8191, 100, 1, 200, 2, 1, 0, 0, 0, 1, 0
1635344470929, 22.7, 100, XNYS, 22.76, 200, XNYS, 22.72, 16, BATS, 31104, 709763, 22.819, 100, 1, 300, 2, 1, 0, 0, 0, 1, 0
1635344470929, 22.7, 100, XNYS, 22.76, 200, XNYS, 22.72, 9, BATS, 31113, 709967, 22.819, 100, 1, 300, 2, 1, 0, 0, 0, 1, 0
1635344470929, 22.7, 100, XNYS, 22.74, 100, XNYS, 22.72, 23, BATS, 31136, 710490, 22.8189, 100, 1, 100, 1, 1, 0, 1, 0, 0, 0
1635344470929, 22.7, 100, XNYS, 22.73, 100, XNAS, 22.72, 59, XNAS, 31195, 711830, 22.8187, 100, 1, 300, 3, 1, 0, 0, 1, 0, 0
1635344475336, 22.69, 100, XNYS, 22.73, 200, XNYS, 22.7554, 11, XADF, 31206, 712081, 22.8187, 200, 2, 600, 4, 1, 1, 0, 1, 0, 1
1635344554919, 22.69, 100, XNYS, 22.73, 200, XNYS, 22.71, 1, XNYS, 31207, 712103, 22.8187, 100, 1, 600, 4, 1, 0, 1, 0, 0, 0
1635344555569, 22.69, 100, XNYS, 22.72, 400, XNYS, 22.7, 1, EDGX, 31208, 712126, 22.8187, 100, 1, 700, 3, 1, 0, 0, 0, 1, 0
1635344559382, 22.65, 100, XNYS, 22.7, 100, XNYS, 22.69, 2, EDGX, 31210, 712171, 22.8187, 100, 1, 100, 1, 1, 0, 0, 1, 0, 0
1635344559382, 22.64, 200, XNYS, 22.71, 200, XNAS, 22.7, 100, XNYS, 31310, 714441, 22.8183, 200, 1, 300, 2, 0, 1, 0, 1, 0, 0
1635344559383, 22.7, 100, MEMX, 22.71, 100, XNYS, 22.71, 100, XNYS, 31410, 716712, 22.818, 100, 1, 200, 2, 0, 0, 0, 1, 0, 0
1635344559383, 22.7, 100, MEMX, 22.72, 100, BATS, 22.71, 100, XNAS, 31510, 718983, 22.8176, 200, 2, 300, 3, 0, 1, 1, 0, 0, 0
1635344559384, 22.71, 100, XNAS, 22.72, 100, XNAS, 22.72, 75, XNYS, 31585, 720687, 22.8174, 100, 1, 100, 1, 1, 0, 0, 1, 0, 0
1635344559384, 22.71, 100, XNAS, 22.72, 100, XNAS, 22.72, 100, BATS, 31685, 722959, 22.8171, 100, 1, 100, 1, 0, 1, 0, 1, 0, 0
1635344559384, 22.71, 100, XNAS, 22.72, 100, XNAS, 22.72, 25, XNYS, 31710, 723527, 22.817, 200, 2, 100, 1, 1, 0, 0, 1, 0, 0
1635344559384, 22.71, 100, MEMX, 22.73, 100, BATS, 22.72, 100, XNAS, 31810, 725799, 22.8167, 200, 2, 100, 1, 0, 1, 1, 0, 0, 0
1635344559385, 22.72, 100, MEMX, 22.74, 100, EDGX, 22.73, 1, IEXG, 31811, 725822, 22.8167, 200, 2, 100, 1, 1, 0, 1, 0, 0, 0
1635344559385, 22.72, 100, MEMX, 22.74, 100, EDGX, 22.73, 155, IEXG, 31966, 729345, 22.8163, 200, 2, 100, 1, 0, 1, 1, 0, 0, 0
1635344560390, 22.72, 100, MEMX, 22.74, 100, EDGX, 22.72, 11, MEMX, 31977, 729595, 22.8162, 100, 1, 300, 3, 1, 0, 0, 0, 1, 0
1635344561527, 22.67, 200, XNYS, 22.73, 200, XNAS, 22.72, 22, XNAS, 31999, 730095, 22.8162, 200, 1, 300, 2, 1, 0, 0, 1, 0, 0
1635344581069, 22.66, 200, XNYS, 22.73, 200, XNYS, 22.72, 200, XNYS, 32199, 734639, 22.8156, 800, 6, 500, 4, 0, 1, 0, 1, 0, 0
1635344581069, 22.66, 200, XNYS, 22.73, 200, XNYS, 22.73, 199, BATS, 32398, 739162, 22.8151, 700, 6, 400, 3, 0, 1, 0, 1, 0, 0
1635344581069, 22.66, 200, XNYS, 22.73, 200, XNYS, 22.73, 100, EDGA, 32498, 741435, 22.8148, 700, 6, 300, 2, 0, 1, 0, 1, 0, 0
1635344581069, 22.66, 300, XNYS, 22.73, 100, XNAS, 22.73, 200, XNYS, 32698, 745981, 22.8143, 800, 6, 100, 1, 0, 1, 0, 1, 0, 0
1635344581069, 22.69, 100, XNYS, 22.73, 100, XNAS, 22.72, 100, XNAS, 32798, 748253, 22.814, 100, 1, 100, 1, 0, 1, 0, 1, 0, 0
1635344581069, 22.69, 100, XNYS, 22.74, 100, EDGX, 22.73, 100, XNAS, 32898, 750526, 22.8137, 100, 1, 200, 2, 0, 1, 0, 1, 0, 0
1635344581429, 22.69, 500, XNYS, 22.74, 100, BATS, 22.69, 200, XADF, 33098, 755064, 22.813, 700, 3, 100, 1, 0, 1, 0, 0, 1, 0
1635344593068, 22.69, 100, IEXG, 22.74, 100, EDGA, 22.7253, 50, XADF, 33148, 756201, 22.8129, 300, 3, 200, 2, 1, 1, 0, 1, 0, 0
1635344637348, 22.69, 100, EDGA, 22.76, 100, BATS, 22.75, 1, XADF, 33149, 756223, 22.8129, 200, 2, 200, 2, 1, 1, 0, 1, 0, 0
1635344679295, 22.69, 200, XNYS, 22.78, 100, BATS, 22.7219, 33, XADF, 33182, 756973, 22.8128, 400, 3, 200, 2, 1, 1, 0, 0, 1, 0
1635344679305, 22.69, 200, XNYS, 22.78, 100, BATS, 22.7219, 33, XADF, 33215, 757723, 22.8127, 400, 3, 200, 2, 1, 1, 0, 0, 1, 0
1635344679345, 22.69, 200, XNYS, 22.78, 100, BATS, 22.7219, 34, XADF, 33249, 758496, 22.8126, 400, 3, 200, 2, 1, 1, 0, 0, 1, 0
1635344697274, 22.69, 100, IEXG, 22.76, 200, XNAS, 22.775, 1, XADF, 33250, 758518, 22.8126, 300, 3, 500, 4, 1, 1, 0, 1, 0, 1
1635344757311, 22.69, 100, XNYS, 22.75, 200, BATS, 22.745, 1, XADF, 33251, 758541, 22.8126, 200, 2, 400, 3, 1, 1, 0, 1, 0, 0
1635344775317, 22.66, 200, XNYS, 22.73, 200, BATS, 22.7189, 9, XADF, 33260, 758746, 22.8126, 500, 3, 400, 3, 1, 1, 0, 1, 0, 0
1635344798258, 22.66, 300, XNYS, 22.72, 200, BATS, 22.69, 2, MEMX, 33262, 758791, 22.8125, 600, 3, 300, 2, 1, 0, 1, 0, 0, 0
1635344798258, 22.66, 300, XNYS, 22.72, 200, BATS, 22.69, 51, MEMX, 33313, 759948, 22.8124, 600, 3, 300, 2, 1, 0, 1, 0, 0, 0
1635344798258, 22.66, 300, XNYS, 22.72, 200, BATS, 22.69, 2, XNYS, 33315, 759993, 22.8124, 600, 3, 300, 2, 1, 0, 1, 0, 0, 0
1635344798258, 22.66, 300, XNYS, 22.72, 200, BATS, 22.69, 2, BATS, 33317, 760039, 22.8123, 600, 3, 300, 2, 1, 0, 1, 0, 0, 0
1635344798258, 22.66, 300, XNYS, 22.72, 200, BATS, 22.69, 2, BATS, 33319, 760084, 22.8123, 600, 3, 300, 2, 1, 0, 1, 0, 0, 0
1635344798258, 22.66, 300, XNYS, 22.71, 100, XNYS, 22.69, 30, EDGX, 33349, 760765, 22.8122, 600, 3, 100, 1, 1, 0, 0, 1, 0, 0
1635344798263, 22.66, 100, XNAS, 22.7, 100, XNAS, 22.66, 100, BATS, 33449, 763031, 22.8118, 200, 2, 200, 2, 0, 0, 0, 0, 1, 0
1635344798263, 22.66, 100, XNAS, 22.7, 100, XNAS, 22.66, 100, EDGA, 33549, 765297, 22.8113, 100, 1, 200, 2, 0, 1, 0, 0, 1, 0
1635344798263, 22.66, 100, XNAS, 22.7, 100, XNAS, 22.66, 1, BATS, 33550, 765320, 22.8113, 100, 1, 200, 2, 1, 0, 0, 0, 1, 0
1635344798263, 22.66, 100, XNAS, 22.7, 100, XNAS, 22.66, 3, BATS, 33553, 765388, 22.8113, 100, 1, 200, 2, 1, 0, 0, 0, 1, 0
1635344798263, 22.66, 100, XNAS, 22.7, 200, XNYS, 22.66, 1, MEMX, 33554, 765410, 22.8113, 100, 1, 400, 3, 1, 0, 0, 0, 1, 0
1635344798263, 22.66, 100, XNAS, 22.7, 200, XNYS, 22.66, 100, XNAS, 33654, 767676, 22.8108, 100, 1, 600, 5, 0, 0, 0, 0, 1, 0
1635344798270, 22.63, 200, XNAS, 22.67, 100, XNAS, 22.65, 10, XNAS, 33664, 767903, 22.8108, 300, 2, 400, 4, 1, 0, 1, 0, 0, 0
1635344798270, 22.63, 200, XNAS, 22.67, 100, XNAS, 22.65, 15, XNAS, 33679, 768242, 22.8107, 300, 2, 400, 4, 1, 0, 1, 0, 0, 0
1635344798270, 22.63, 100, EDGX, 22.65, 100, XNAS, 22.63, 100, XNAS, 33779, 770505, 22.8102, 100, 1, 100, 1, 0, 1, 0, 0, 1, 0
1635344798270, 22.63, 100, EDGX, 22.65, 100, XNAS, 22.63, 100, XNAS, 33879, 772768, 22.8097, 100, 1, 100, 1, 0, 1, 0, 0, 1, 0
1635344798270, 22.62, 600, BATS, 22.65, 100, XNAS, 22.63, 100, EDGX, 33979, 775031, 22.8091, 600, 1, 100, 1, 0, 1, 0, 0, 1, 0
1635344798275, 22.64, 100, BATS, 22.67, 100, XNYS, 22.65, 100, XNAS, 34079, 777296, 22.8087, 100, 1, 300, 3, 0, 1, 0, 0, 1, 0
1635344798282, 22.65, 300, XNAS, 22.67, 100, EDGX, 22.65, 100, XADF, 34179, 779561, 22.8082, 400, 2, 300, 3, 0, 1, 0, 0, 1, 0
1635344798554, 22.65, 300, XNAS, 22.67, 200, BATS, 22.65, 300, XADF, 34479, 786356, 22.8068, 400, 2, 400, 3, 0, 1, 0, 0, 1, 0
1635344799163, 22.65, 300, XNAS, 22.67, 200, BATS, 22.66, 200, XADF, 34679, 790888, 22.806, 400, 2, 400, 3, 0, 1, 1, 0, 0, 0
1635344799165, 22.65, 300, XNAS, 22.67, 200, BATS, 22.66, 10, XADF, 34689, 791115, 22.8059, 400, 2, 400, 3, 1, 1, 1, 0, 0, 0
1635344799165, 22.65, 300, XNAS, 22.67, 200, BATS, 22.66, 10, XADF, 34699, 791342, 22.8059, 400, 2, 400, 3, 1, 1, 1, 0, 0, 0
1635344799213, 22.65, 300, XNAS, 22.67, 200, BATS, 22.66, 10, XADF, 34709, 791568, 22.8059, 400, 2, 400, 3, 1, 1, 1, 0, 0, 0
1635344800296, 22.65, 100, XNAS, 22.67, 200, BATS, 22.65, 1, BATS, 34710, 791591, 22.8058, 200, 2, 500, 4, 1, 0, 0, 0, 1, 0
1635344812202, 22.64, 100, EDGX, 22.67, 200, XNAS, 22.66, 100, BATS, 34810, 793857, 22.8054, 100, 1, 400, 3, 0, 1, 0, 1, 0, 0
1635344812202, 22.64, 100, EDGX, 22.67, 200, XNAS, 22.66, 100, EDGX, 34910, 796123, 22.805, 100, 1, 400, 3, 0, 1, 0, 1, 0, 0
1635344812202, 22.62, 600, BATS, 22.67, 200, XNAS, 22.66, 3, BATS, 34913, 796191, 22.805, 700, 2, 400, 3, 1, 0, 0, 1, 0, 0
1635344812203, 22.62, 600, BATS, 22.67, 200, XNAS, 22.66, 3, BATS, 34916, 796259, 22.805, 700, 2, 400, 3, 1, 0, 0, 1, 0, 0
1635344812203, 22.62, 600, BATS, 22.67, 200, XNAS, 22.66, 3, BATS, 34919, 796327, 22.805, 700, 2, 400, 3, 1, 0, 0, 1, 0, 0
1635344812203, 22.62, 600, BATS, 22.67, 200, XNAS, 22.66, 5, BATS, 34924, 796440, 22.805, 700, 2, 400, 3, 1, 0, 0, 1, 0, 0
1635344812203, 22.62, 600, BATS, 22.67, 200, XNAS, 22.66, 3, BATS, 34927, 796508, 22.8049, 700, 2, 400, 3, 1, 0, 0, 1, 0, 0
1635344812203, 22.66, 100, XNAS, 22.67, 200, XNAS, 22.67, 99, XNYS, 35026, 798752, 22.8046, 100, 1, 300, 2, 1, 0, 0, 1, 0, 0
1635344812203, 22.66, 100, XNAS, 22.67, 200, XNAS, 22.67, 100, BATS, 35129, 801087, 22.8042, 100, 1, 200, 1, 0, 1, 0, 1, 0, 0
1635344812203, 22.66, 100, XNAS, 22.67, 200, XNAS, 22.67, 1, XASE, 35130, 801110, 22.8042, 100, 1, 200, 1, 1, 0, 0, 1, 0, 0
1635344812203, 22.66, 100, XNAS, 22.68, 100, EDGX, 22.67, 100, XNAS, 35230, 803377, 22.8038, 100, 1, 300, 3, 0, 1, 1, 0, 0, 0
1635344812203, 22.66, 100, XNAS, 22.68, 100, EDGX, 22.67, 100, XNAS, 35330, 805644, 22.8034, 100, 1, 300, 3, 0, 1, 1, 0, 0, 0
1635344812206, 22.67, 100, XNAS, 22.68, 100, XNYS, 22.68, 100, EDGX, 35430, 807912, 22.8031, 100, 1, 100, 1, 0, 1, 0, 1, 0, 0
1635344812206, 22.67, 100, XNAS, 22.68, 100, XNYS, 22.68, 100, XNYS, 35530, 810180, 22.8027, 100, 1, 100, 1, 0, 0, 0, 1, 0, 0
1635344857430, 22.65, 100, XNAS, 22.7, 100, EDGX, 22.7, 13, XADF, 35543, 810475, 22.8027, 200, 2, 300, 3, 1, 1, 0, 1, 0, 0
1635344860185, 22.64, 100, XNYS, 22.7, 100, XNAS, 22.67, 1, ARCX, 35544, 810498, 22.8027, 200, 2, 300, 3, 1, 0, 1, 0, 0, 0
1635344870291, 22.64, 200, XNYS, 22.69, 100, XNYS, 22.665, 24, XADF, 35568, 811042, 22.8026, 400, 3, 100, 1, 1, 1, 1, 0, 0, 0
1635344870300, 22.64, 200, XNYS, 22.69, 100, XNYS, 22.6896, 26, XADF, 35594, 811632, 22.8025, 400, 3, 100, 1, 1, 1, 0, 1, 0, 0
1635344937178, 22.64, 100, XNAS, 22.7, 100, XNYS, 22.695, 1, XADF, 35595, 811654, 22.8025, 300, 3, 100, 1, 1, 1, 0, 1, 0, 0
1635344946821, 22.64, 100, BATS, 22.71, 300, XNAS, 22.64, 50, XNYS, 35645, 812786, 22.8023, 200, 2, 700, 4, 1, 0, 0, 0, 1, 0
1635344946821, 22.64, 100, BATS, 22.7, 100, XNYS, 22.64, 12, XNAS, 35657, 813058, 22.8022, 100, 1, 100, 1, 1, 0, 0, 0, 1, 0
1635344946821, 22.64, 100, BATS, 22.7, 100, XNYS, 22.64, 15, BATS, 35672, 813398, 22.8021, 100, 1, 100, 1, 1, 0, 0, 0, 1, 0
1635344946821, 22.62, 600, BATS, 22.68, 100, XNYS, 22.64, 88, XNAS, 35760, 815390, 22.8017, 800, 3, 100, 1, 1, 0, 0, 0, 1, 0
1635344946821, 22.62, 600, BATS, 22.68, 100, XNYS, 22.64, 85, BATS, 35845, 817314, 22.8014, 800, 3, 100, 1, 1, 0, 0, 0, 1, 0
1635344946821, 22.62, 600, BATS, 22.68, 100, XNYS, 22.64, 1, XNAS, 35846, 817337, 22.8013, 800, 3, 100, 1, 1, 0, 0, 0, 1, 0
1635344946821, 22.62, 600, BATS, 22.68, 100, XNYS, 22.64, 21, BATS, 35867, 817813, 22.8013, 800, 3, 100, 1, 1, 0, 0, 0, 1, 0
1635344946821, 22.62, 600, BATS, 22.68, 100, XNYS, 22.64, 1, EDGA, 35868, 817835, 22.8012, 800, 3, 100, 1, 1, 0, 0, 0, 1, 0
1635344946821, 22.62, 600, BATS, 22.68, 100, XNYS, 22.64, 3, EDGA, 35871, 817903, 22.8012, 800, 3, 200, 2, 1, 0, 0, 0, 1, 0
1635344946822, 22.62, 600, BATS, 22.68, 400, XNAS, 22.64, 100, BATS, 35971, 820167, 22.8008, 800, 3, 600, 2, 0, 1, 0, 0, 1, 0
1635344946826, 22.64, 100, BATS, 22.67, 200, XNYS, 22.64, 100, BATS, 36071, 822431, 22.8003, 200, 2, 200, 1, 0, 0, 0, 0, 1, 0
1635344946826, 22.62, 600, BATS, 22.67, 200, XNYS, 22.64, 100, EDGX, 36171, 824695, 22.7999, 700, 2, 200, 1, 0, 1, 0, 0, 1, 0
1635344946827, 22.64, 100, EDGX, 22.66, 200, XNYS, 22.64, 100, BATS, 36271, 826959, 22.7995, 200, 2, 200, 1, 0, 0, 0, 0, 1, 0
1635344946827, 22.62, 600, BATS, 22.66, 200, XNYS, 22.64, 100, EDGX, 36371, 829223, 22.799, 700, 2, 200, 1, 0, 1, 1, 0, 0, 0
1635344957607, 22.64, 100, BATS, 22.66, 200, XNYS, 22.64, 4, EDGA, 36375, 829314, 22.799, 200, 2, 200, 1, 1, 0, 0, 0, 1, 0
1635344971407, 22.64, 100, BATS, 22.66, 200, XNYS, 22.6864, 200, XADF, 36375, 829314, 22.799, 200, 2, 200, 1, 0, 1, 0, 1, 0, 1
1635344989123, 22.63, 100, XNAS, 22.64, 100, XNYS, 22.64, 16, XNYS, 36391, 829676, 22.7989, 100, 1, 100, 1, 1, 0, 0, 1, 0, 0
1635344989123, 22.63, 100, XNAS, 22.67, 100, XNYS, 22.64, 171, XNYS, 36562, 833547, 22.7982, 100, 1, 100, 1, 0, 1, 0, 0, 1, 0
1635344989123, 22.63, 100, XNAS, 22.67, 100, XNYS, 22.64, 13, XNYS, 36575, 833842, 22.7981, 100, 1, 100, 1, 1, 0, 0, 0, 1, 0
1635344996540, 22.62, 700, BATS, 22.67, 200, XNAS, 22.63, 1, XNYS, 36576, 833864, 22.7981, 900, 2, 300, 2, 1, 0, 0, 0, 1, 0
1635345002206, 22.62, 700, BATS, 22.67, 300, XNAS, 22.63, 68, XNYS, 36644, 835403, 22.7978, 900, 2, 600, 3, 1, 0, 0, 0, 1, 0
1635345002206, 22.62, 700, BATS, 22.66, 100, XNYS, 22.62, 1, XNYS, 36645, 835426, 22.7978, 900, 2, 100, 1, 1, 0, 0, 0, 1, 0
1635345002207, 22.62, 700, BATS, 22.66, 100, XNYS, 22.62, 2, EDGA, 36647, 835471, 22.7978, 900, 2, 100, 1, 1, 0, 0, 0, 1, 0
1635345002207, 22.62, 700, BATS, 22.66, 100, XNYS, 22.62, 3, EDGA, 36650, 835539, 22.7978, 900, 2, 100, 1, 1, 0, 0, 0, 1, 0
1635345002207, 22.62, 700, BATS, 22.66, 100, XNYS, 22.62, 100, EDGX, 36750, 837801, 22.7973, 800, 2, 100, 1, 0, 0, 0, 0, 1, 0
1635345002207, 22.62, 700, BATS, 22.66, 100, XNYS, 22.62, 100, EDGX, 36850, 840063, 22.7968, 700, 1, 100, 1, 0, 1, 0, 0, 1, 0
1635345002207, 22.62, 700, BATS, 22.66, 100, XNYS, 22.62, 600, BATS, 37450, 853635, 22.794, 700, 1, 100, 1, 0, 0, 0, 0, 1, 0
1635345002207, 22.6, 2000, XNAS, 22.66, 100, XNYS, 22.62, 100, BATS, 37550, 855897, 22.7935, 2100, 2, 100, 1, 0, 1, 0, 0, 1, 0
1635345002207, 22.6, 2000, XNAS, 22.66, 100, XNYS, 22.62, 15, XNAS, 37565, 856236, 22.7935, 2100, 2, 100, 1, 1, 0, 0, 0, 1, 0
1635345002207, 22.6, 2000, XNAS, 22.66, 100, XNYS, 22.62, 17, XNAS, 37582, 856621, 22.7934, 2100, 2, 100, 1, 1, 0, 0, 0, 1, 0
1635345002207, 22.6, 2000, XNAS, 22.63, 100, XNAS, 22.62, 200, EDGX, 37782, 861145, 22.7925, 2000, 1, 100, 1, 0, 1, 0, 1, 0, 0
1635345019945, 22.6, 2000, XNAS, 22.62, 200, XNYS, 22.61, 100, XNYS, 37882, 863406, 22.792, 2100, 2, 200, 1, 0, 1, 1, 0, 0, 0
1635345030061, 22.6, 2000, XNAS, 22.62, 100, XNYS, 22.61, 3, XADF, 37885, 863474, 22.792, 2100, 2, 100, 1, 1, 1, 1, 0, 0, 0
1635345037054, 22.6, 2000, XNAS, 22.62, 200, XNAS, 22.61, 72, IEXG, 37957, 865101, 22.7916, 2100, 2, 300, 2, 1, 0, 1, 0, 0, 0
1635345037055, 22.6, 2000, XNAS, 22.62, 200, XNAS, 22.61, 50, XNAS, 38007, 866232, 22.7914, 2200, 3, 300, 2, 1, 0, 1, 0, 0, 0
1635345037976, 22.6, 2000, XNAS, 22.62, 100, XNYS, 22.62, 100, XNYS, 38107, 868494, 22.7909, 2100, 2, 200, 2, 0, 0, 0, 1, 0, 0
1635345037976, 22.6, 2000, XNAS, 22.63, 100, XNAS, 22.62, 4, XNAS, 38111, 868584, 22.7909, 2300, 2, 100, 1, 1, 0, 0, 1, 0, 0
1635345037976, 22.6, 2000, XNAS, 22.63, 100, XNAS, 22.62, 4, XNAS, 38115, 868675, 22.7909, 2300, 2, 100, 1, 1, 0, 0, 1, 0, 0
1635345037976, 22.6, 2000, XNAS, 22.63, 100, XNAS, 22.62, 92, XNAS, 38207, 870756, 22.7905, 2300, 2, 100, 1, 1, 0, 0, 1, 0, 0
1635345058127, 22.6, 2000, XNAS, 22.63, 100, XNYS, 22.626, 100, XADF, 38307, 873019, 22.7901, 2100, 2, 100, 1, 0, 1, 0, 1, 0, 0
1635345075397, 22.6, 2000, XNAS, 22.64, 100, BATS, 22.6418, 6, XADF, 38313, 873154, 22.79, 2100, 2, 100, 1, 1, 1, 0, 1, 0, 1
1635345099325, 22.6, 2000, XNAS, 22.64, 100, BATS, 22.62, 1, XNYS, 38314, 873177, 22.79, 2100, 2, 300, 3, 1, 0, 1, 0, 0, 0
1635345100705, 22.6, 2000, XNAS, 22.63, 200, XNAS, 22.6, 4, XCIS, 38318, 873267, 22.79, 2000, 1, 400, 3, 1, 0, 0, 0, 1, 0
1635345100705, 22.6, 2000, XNAS, 22.63, 200, XNAS, 22.6, 1, XCIS, 38319, 873290, 22.79, 2000, 1, 400, 3, 1, 0, 0, 0, 1, 0
1635345103681, 22.6, 2000, XNAS, 22.62, 200, XNYS, 22.6, 1, XNYS, 38320, 873313, 22.79, 2000, 1, 200, 1, 1, 0, 0, 0, 1, 0
1635345103681, 22.6, 100, MEMX, 22.61, 200, XNYS, 22.6, 2000, XNAS, 40347, 919123, 22.7805, 100, 1, 200, 1, 0, 1, 0, 0, 1, 0
1635345103681, 22.58, 100, XNYS, 22.61, 200, XNYS, 22.6, 100, MEMX, 40447, 921383, 22.78, 100, 1, 200, 1, 0, 1, 0, 1, 0, 0
1635345103689, 22.54, 200, XNYS, 22.6, 300, XNYS, 22.59, 10, BATS, 40457, 921609, 22.78, 400, 3, 400, 2, 1, 0, 0, 1, 0, 0
1635345103711, 22.54, 400, XNAS, 22.6, 300, XNYS, 22.58, 17, XNYS, 40474, 921993, 22.7799, 800, 3, 400, 2, 1, 0, 0, 1, 0, 0
1635345103712, 22.54, 400, XNAS, 22.6, 300, XNYS, 22.58, 42, XNYS, 40516, 922941, 22.7797, 800, 3, 400, 2, 1, 0, 0, 1, 0, 0
1635345108043, 22.54, 100, IEXG, 22.57, 100, XNAS, 22.56, 100, XNYS, 40616, 925197, 22.7791, 300, 3, 200, 2, 0, 1, 0, 1, 0, 0
1635345108043, 22.55, 200, EDGX, 22.57, 200, XNYS, 22.57, 200, XNYS, 40816, 929711, 22.7781, 300, 2, 300, 2, 0, 0, 0, 1, 0, 0
1635345108043, 22.55, 200, EDGX, 22.61, 200, XNYS, 22.57, 93, XNAS, 40909, 931810, 22.7776, 400, 3, 400, 3, 1, 0, 0, 0, 1, 0
1635345108043, 22.55, 200, EDGX, 22.61, 200, XNYS, 22.57, 7, XNAS, 40916, 931968, 22.7776, 400, 3, 400, 3, 1, 0, 0, 0, 1, 0
1635345129626, 22.56, 300, XNYS, 22.62, 200, XNAS, 22.56, 5, XADF, 40921, 932081, 22.7776, 500, 3, 200, 1, 1, 1, 0, 0, 1, 0
1635345135024, 22.56, 100, XNAS, 22.62, 200, XNAS, 22.59, 9, XADF, 40930, 932284, 22.7775, 300, 3, 200, 1, 1, 1, 1, 0, 0, 0
1635345135026, 22.56, 100, XNAS, 22.62, 200, XNAS, 22.59, 90, XADF, 41020, 934317, 22.7771, 300, 3, 200, 1, 1, 1, 1, 0, 0, 0
1635345135027, 22.56, 100, XNAS, 22.62, 200, XNAS, 22.619, 1, XADF, 41021, 934340, 22.7771, 400, 4, 300, 2, 1, 1, 0, 1, 0, 0
1635345142129, 22.56, 200, XNAS, 22.62, 200, XNAS, 22.62, 34, XADF, 41055, 935109, 22.777, 400, 3, 400, 3, 1, 1, 0, 1, 0, 0
1635345142130, 22.56, 200, XNAS, 22.62, 200, XNAS, 22.62, 16, XADF, 41071, 935471, 22.7769, 400, 3, 400, 3, 1, 1, 0, 1, 0, 0
1635345177273, 22.56, 100, IEXG, 22.62, 200, XNAS, 22.62, 1, XADF, 41072, 935493, 22.7769, 300, 3, 500, 3, 1, 1, 0, 1, 0, 0
1635345207019, 22.55, 200, XNAS, 22.6, 100, XNYS, 22.58, 1, BATY, 41073, 935516, 22.7769, 300, 2, 300, 3, 1, 0, 0, 1, 0, 0
1635345216414, 22.56, 100, IEXG, 22.6, 100, XNAS, 22.6058, 100, XADF, 41073, 935516, 22.7769, 300, 3, 200, 2, 0, 1, 0, 1, 0, 1
1635345249310, 22.56, 100, XNAS, 22.59, 100, EDGX, 22.58, 1, ARCX, 41074, 935539, 22.7769, 100, 1, 300, 3, 1, 0, 0, 1, 0, 0
1635345249311, 22.56, 200, XNYS, 22.59, 100, XNAS, 22.59, 73, EDGX, 41147, 937188, 22.7766, 300, 2, 200, 2, 1, 0, 0, 1, 0, 0
1635345249311, 22.56, 200, XNYS, 22.59, 100, XNAS, 22.59, 100, XNYS, 41247, 939447, 22.7761, 300, 2, 100, 1, 0, 1, 0, 1, 0, 0
1635345249311, 22.56, 300, XNYS, 22.59, 100, XNAS, 22.59, 27, EDGX, 41274, 940057, 22.776, 400, 2, 100, 1, 1, 0, 0, 1, 0, 0
1635345249311, 22.56, 300, XNYS, 22.6, 100, XNYS, 22.59, 93, XNAS, 41367, 942157, 22.7756, 400, 2, 200, 2, 1, 0, 0, 1, 0, 0
1635345249311, 22.56, 300, XNYS, 22.6, 100, XNYS, 22.59, 7, XNAS, 41374, 942316, 22.7755, 400, 2, 200, 2, 1, 0, 0, 1, 0, 0
1635345249502, 22.56, 300, BATS, 22.6, 100, XNAS, 22.58, 100, XADF, 41474, 944574, 22.7751, 800, 5, 200, 2, 0, 1, 1, 0, 0, 0
1635345249516, 22.56, 300, BATS, 22.6, 100, XNAS, 22.57, 5, XCIS, 41479, 944686, 22.7751, 800, 5, 200, 2, 1, 0, 0, 0, 1, 0
1635345249516, 22.56, 300, BATS, 22.6, 100, XNAS, 22.56, 95, EDGA, 41574, 946830, 22.7746, 700, 4, 200, 2, 1, 0, 0, 0, 1, 0
1635345256366, 22.56, 300, XNYS, 22.59, 100, XNYS, 22.59, 12, XNYS, 41586, 947101, 22.7745, 600, 3, 100, 1, 1, 0, 0, 1, 0, 0
1635345256367, 22.56, 200, BATS, 22.6, 200, XNYS, 22.59, 188, XNYS, 41774, 951348, 22.7737, 500, 3, 300, 2, 0, 1, 0, 1, 0, 0
1635345256409, 22.56, 400, XNYS, 22.6, 100, XNAS, 22.6, 100, XADF, 41874, 953608, 22.7733, 1400, 6, 200, 2, 0, 1, 0, 1, 0, 0
1635345256410, 22.56, 400, XNYS, 22.6, 100, XNAS, 22.6, 100, XNYS, 41974, 955868, 22.7729, 1400, 6, 200, 2, 0, 0, 0, 1, 0, 0
1635345256410, 22.56, 400, XNYS, 22.6, 100, XNAS, 22.6, 100, XNYS, 42074, 958128, 22.7724, 1400, 6, 100, 1, 0, 1, 0, 1, 0, 0
1635345256410, 22.59, 200, XNYS, 22.62, 200, XNYS, 22.6, 62, XNAS, 42136, 959529, 22.7722, 200, 1, 300, 2, 1, 0, 0, 0, 1, 0
1635345256410, 22.59, 200, XNYS, 22.62, 200, XNYS, 22.6, 38, XNAS, 42174, 960388, 22.772, 200, 1, 300, 2, 1, 0, 0, 0, 1, 0
1635345256411, 22.59, 200, XNYS, 22.62, 200, XNYS, 22.61, 10, MEMX, 42184, 960614, 22.772, 300, 2, 300, 2, 1, 0, 0, 1, 0, 0
1635345256912, 22.59, 200, XNAS, 22.62, 200, XNYS, 22.61, 100, XNYS, 42284, 962875, 22.7716, 400, 2, 300, 2, 0, 1, 0, 1, 0, 0
1635345256913, 22.59, 200, XNAS, 22.62, 200, XNYS, 22.61, 19, MEMX, 42303, 963304, 22.7715, 400, 2, 300, 2, 1, 0, 0, 1, 0, 0
1635345260226, 22.59, 100, XNYS, 22.62, 100, ARCX, 22.605, 10, XNAS, 42313, 963530, 22.7715, 100, 1, 400, 4, 1, 0, 1, 0, 0, 0
1635345268242, 22.59, 100, XNYS, 22.62, 100, IEXG, 22.6, 1, XNYS, 42314, 963553, 22.7715, 100, 1, 400, 4, 1, 0, 0, 0, 1, 0
1635345268996, 22.56, 400, XNYS, 22.62, 100, IEXG, 22.59, 4, XCIS, 42318, 963643, 22.7715, 800, 3, 400, 4, 1, 0, 1, 0, 0, 0
1635345272841, 22.56, 200, EDGX, 22.61, 200, XNYS, 22.59, 5, XNAS, 42323, 963756, 22.7715, 500, 3, 200, 1, 1, 0, 0, 1, 0, 0
1635345272841, 22.56, 200, EDGX, 22.61, 200, XNYS, 22.59, 16, XNAS, 42339, 964118, 22.7714, 500, 3, 200, 1, 1, 0, 0, 1, 0, 0
1635345272842, 22.56, 200, EDGX, 22.61, 200, XNYS, 22.59, 1, MEMX, 42340, 964140, 22.7714, 500, 3, 200, 1, 1, 0, 0, 1, 0, 0
1635345272842, 22.56, 200, EDGX, 22.61, 200, XNYS, 22.59, 1, MEMX, 42341, 964163, 22.7714, 500, 3, 200, 1, 1, 0, 0, 1, 0, 0
1635345272842, 22.56, 200, EDGX, 22.61, 200, XNYS, 22.59, 5, BATS, 42346, 964276, 22.7714, 500, 3, 200, 1, 1, 0, 0, 1, 0, 0
1635345272842, 22.56, 200, BATS, 22.61, 200, XNYS, 22.58, 18, EDGA, 42364, 964682, 22.7713, 500, 3, 200, 1, 1, 0, 0, 0, 1, 0
1635345272842, 22.56, 200, BATS, 22.61, 200, XNYS, 22.59, 17, BATS, 42381, 965066, 22.7712, 500, 3, 200, 1, 1, 0, 0, 1, 0, 0
1635345272842, 22.56, 200, BATS, 22.61, 200, XNYS, 22.58, 35, XNYS, 42416, 965857, 22.771, 400, 3, 200, 1, 1, 0, 0, 0, 1, 0
1635345272842, 22.56, 100, BATS, 22.61, 200, XNYS, 22.59, 3, EDGX, 42419, 965924, 22.771, 100, 1, 200, 1, 1, 0, 0, 1, 0, 0
1635345272842, 22.56, 100, BATS, 22.61, 200, XNYS, 22.58, 26, XNAS, 42445, 966511, 22.7709, 100, 1, 200, 1, 1, 0, 0, 0, 1, 0
1635345272842, 22.56, 100, BATS, 22.61, 200, XNYS, 22.59, 2, EDGX, 42447, 966557, 22.7709, 100, 1, 300, 2, 1, 0, 0, 1, 0, 0
1635345272842, 22.56, 100, BATS, 22.61, 100, XPSX, 22.58, 2, XNAS, 42449, 966602, 22.7709, 100, 1, 400, 4, 1, 0, 0, 0, 1, 0
1635345273995, 22.55, 200, XNAS, 22.6, 100, XPSX, 22.56, 5, BATS, 42454, 966715, 22.7709, 200, 1, 500, 5, 1, 0, 0, 0, 1, 0
1635345274223, 22.55, 200, XNAS, 22.6, 100, EDGX, 22.56, 5, XNAS, 42459, 966827, 22.7708, 300, 2, 400, 4, 1, 0, 0, 0, 1, 0
1635345274285, 22.55, 300, XNAS, 22.6, 100, EDGX, 22.551, 100, XADF, 42559, 969083, 22.7703, 400, 2, 200, 2, 0, 1, 0, 0, 1, 0
1635345311808, 22.54, 100, XNYS, 22.59, 100, XNAS, 22.5822, 50, XADF, 42609, 970212, 22.7701, 100, 1, 300, 3, 1, 1, 0, 1, 0, 0
1635345322707, 22.54, 100, XNYS, 22.59, 200, XNAS, 22.57, 2, XADF, 42611, 970257, 22.7701, 100, 1, 300, 2, 1, 1, 0, 1, 0, 0
1635345322715, 22.53, 100, BATS, 22.59, 300, XNAS, 22.55, 59, XNYS, 42670, 971587, 22.7698, 200, 2, 700, 4, 1, 0, 0, 0, 1, 0
1635345322715, 22.53, 100, BATS, 22.57, 100, XNYS, 22.54, 1, XBOS, 42671, 971610, 22.7698, 200, 2, 100, 1, 1, 0, 0, 0, 1, 0
1635345328936, 22.53, 100, XNYS, 22.56, 200, XNAS, 22.54, 4, MEMX, 42675, 971700, 22.7698, 100, 1, 300, 2, 1, 0, 0, 0, 1, 0
1635345328936, 22.53, 100, XNYS, 22.56, 200, XNAS, 22.54, 35, EDGX, 42710, 972489, 22.7696, 100, 1, 300, 2, 1, 0, 0, 0, 1, 0
1635345328940, 22.51, 100, XNYS, 22.54, 100, MEMX, 22.53, 5, XNAS, 42715, 972601, 22.7696, 300, 3, 300, 3, 1, 0, 0, 1, 0, 0
1635345328940, 22.51, 100, XNAS, 22.54, 100, IEXG, 22.53, 5, BATS, 42720, 972714, 22.7695, 200, 2, 200, 2, 1, 0, 0, 1, 0, 0
1635345329000, 22.5, 500, XNAS, 22.54, 200, XNAS, 22.51, 5, BATS, 42725, 972827, 22.7695, 700, 3, 500, 4, 1, 0, 0, 0, 1, 0
1635345329000, 22.5, 500, XNAS, 22.54, 200, XNAS, 22.51, 10, XNAS, 42735, 973052, 22.7694, 700, 3, 700, 5, 1, 0, 0, 0, 1, 0
1635345329000, 22.5, 500, XNAS, 22.54, 200, XNAS, 22.51, 5, XNAS, 42740, 973164, 22.7694, 700, 3, 700, 5, 1, 0, 0, 0, 1, 0
1635345329003, 22.5, 500, XNAS, 22.53, 100, IEXG, 22.5, 23, XNYS, 42763, 973682, 22.7693, 600, 2, 200, 2, 1, 0, 0, 0, 1, 0
1635345329003, 22.5, 500, XNAS, 22.53, 100, IEXG, 22.5, 510, XNAS, 43273, 985157, 22.7661, 600, 2, 300, 3, 0, 0, 0, 0, 1, 0
1635345329003, 22.45, 200, XNYS, 22.53, 200, XNYS, 22.5, 100, MEMX, 43373, 987407, 22.7655, 200, 1, 400, 3, 0, 1, 0, 1, 0, 0
1635345329004, 22.46, 200, XNAS, 22.51, 100, XNAS, 22.52, 2, XNYS, 43375, 987452, 22.7655, 300, 2, 100, 1, 1, 0, 0, 1, 0, 1
1635345329004, 22.46, 300, XNAS, 22.51, 100, IEXG, 22.51, 100, EDGA, 43475, 989703, 22.7649, 600, 4, 100, 1, 0, 1, 0, 1, 0, 0
1635345329068, 22.46, 600, XNAS, 22.53, 100, IEXG, 22.5, 2, XNYS, 43477, 989748, 22.7649, 1400, 5, 500, 5, 1, 0, 0, 1, 0, 0
1635345341229, 22.48, 100, XNAS, 22.52, 100, XNAS, 22.5, 50, XADF, 43527, 990873, 22.7646, 100, 1, 200, 2, 1, 1, 1, 0, 0, 0
1635345344786, 22.48, 100, XNAS, 22.52, 100, XNAS, 22.4838, 100, XADF, 43627, 993121, 22.7639, 100, 1, 300, 3, 0, 1, 0, 0, 1, 0
1635345344786, 22.48, 100, XNAS, 22.52, 100, XNAS, 22.48, 300, XADF, 43927, 999865, 22.762, 100, 1, 300, 3, 0, 1, 0, 0, 1, 0
1635345344788, 22.48, 100, XNAS, 22.52, 100, XNAS, 22.4838, 100, XADF, 44027, 1.00211e+06, 22.7613, 100, 1, 300, 3, 0, 1, 0, 0, 1, 0
1635345344788, 22.48, 100, XNAS, 22.52, 200, XNAS, 22.48, 100, XADF, 44127, 1.00436e+06, 22.7607, 100, 1, 500, 4, 0, 1, 0, 0, 1, 0
1635345344791, 22.48, 100, XNAS, 22.52, 200, XNAS, 22.48, 1, XNYS, 44128, 1.00438e+06, 22.7607, 100, 1, 400, 3, 1, 0, 0, 0, 1, 0
1635345344791, 22.47, 100, BATS, 22.52, 200, XNYS, 22.48, 100, XNAS, 44228, 1.00663e+06, 22.7601, 100, 1, 500, 3, 0, 1, 0, 0, 1, 0
1635345344791, 22.47, 100, BATS, 22.51, 100, XNYS, 22.48, 12, BATS, 44240, 1.0069e+06, 22.76, 100, 1, 100, 1, 1, 0, 0, 0, 1, 0
1635345344791, 22.46, 100, XNAS, 22.51, 100, XNYS, 22.48, 56, BATS, 44296, 1.00816e+06, 22.7596, 300, 3, 100, 1, 1, 0, 0, 0, 1, 0
1635345344791, 22.46, 100, XNAS, 22.51, 100, XNYS, 22.48, 10, XNAS, 44306, 1.00839e+06, 22.7596, 300, 3, 100, 1, 1, 0, 0, 0, 1, 0
1635345344791, 22.46, 100, XNAS, 22.51, 100, XNYS, 22.48, 6, XPSX, 44312, 1.00852e+06, 22.7595, 300, 3, 100, 1, 1, 0, 0, 0, 1, 0
1635345344791, 22.46, 100, XNAS, 22.51, 100, XNYS, 22.5, 11, BATS, 44323, 1.00877e+06, 22.7595, 200, 2, 100, 1, 1, 0, 0, 1, 0, 0
1635345344791, 22.46, 100, XNAS, 22.51, 100, XNYS, 22.5, 11, BATS, 44334, 1.00902e+06, 22.7594, 200, 2, 100, 1, 1, 0, 0, 1, 0, 0
1635345344791, 22.46, 100, XNAS, 22.51, 100, XNYS, 22.5, 11, EDGX, 44345, 1.00926e+06, 22.7593, 300, 3, 100, 1, 1, 0, 0, 1, 0, 0
1635345344791, 22.46, 100, XNAS, 22.51, 100, XNYS, 22.5, 11, EDGX, 44356, 1.00951e+06, 22.7593, 300, 3, 100, 1, 1, 0, 0, 1, 0, 0
1635345344791, 22.46, 200, XNAS, 22.5, 100, EDGA, 22.5, 11, XNAS, 44367, 1.00976e+06, 22.7592, 600, 3, 100, 1, 1, 0, 0, 1, 0, 0
1635345344791, 22.46, 200, XNAS, 22.5, 100, EDGA, 22.5, 12, XNAS, 44379, 1.01003e+06, 22.7591, 600, 3, 100, 1, 1, 0, 0, 1, 0, 0
1635345344803, 22.46, 200, XNYS, 22.52, 200, XNAS, 22.48, 300, XADF, 44679, 1.01677e+06, 22.7573, 500, 3, 800, 6, 0, 1, 0, 0, 1, 0
1635345344819, 22.46, 200, XNYS, 22.52, 200, XNAS, 22.48, 100, XADF, 44779, 1.01902e+06, 22.7566, 500, 3, 800, 6, 0, 1, 0, 0, 1, 0
1635345365357, 22.48, 100, BATS, 22.52, 100, IEXG, 22.5, 112, XADF, 44891, 1.02154e+06, 22.756, 200, 2, 400, 4, 0, 1, 1, 0, 0, 0
1635345365360, 22.48, 100, XNAS, 22.52, 100, IEXG, 22.51, 100, XNYS, 44991, 1.02379e+06, 22.7555, 200, 2, 400, 4, 0, 1, 0, 1, 0, 0
1635345365360, 22.48, 100, XNAS, 22.52, 100, IEXG, 22.51, 100, XNAS, 45091, 1.02604e+06, 22.7549, 200, 2, 400, 4, 0, 1, 0, 1, 0, 0
1635345365360, 22.48, 100, XNAS, 22.52, 100, IEXG, 22.51, 100, IEXG, 45191, 1.02829e+06, 22.7544, 200, 2, 400, 4, 0, 1, 0, 1, 0, 0
1635345365366, 22.48, 200, XNAS, 22.52, 100, IEXG, 22.52, 33, XADF, 45224, 1.02904e+06, 22.7542, 400, 3, 300, 3, 1, 1, 0, 1, 0, 0
1635345365366, 22.48, 200, XNAS, 22.52, 100, IEXG, 22.52, 1, XADF, 45225, 1.02906e+06, 22.7542, 400, 3, 300, 3, 1, 1, 0, 1, 0, 0
1635345365366, 22.48, 200, XNAS, 22.52, 100, IEXG, 22.52, 56, XADF, 45281, 1.03032e+06, 22.7539, 400, 3, 300, 3, 1, 1, 0, 1, 0, 0
1635345365366, 22.48, 200, XNAS, 22.52, 100, IEXG, 22.52, 198, XADF, 45479, 1.03478e+06, 22.7529, 400, 3, 300, 3, 0, 1, 0, 1, 0, 0
1635345365367, 22.48, 200, XNAS, 22.52, 100, IEXG, 22.52, 100, XADF, 45579, 1.03703e+06, 22.7524, 400, 3, 300, 3, 0, 1, 0, 1, 0, 0
1635345365369, 22.48, 200, XNAS, 22.52, 100, IEXG, 22.52, 200, XADF, 45779, 1.04153e+06, 22.7514, 300, 2, 300, 3, 0, 1, 0, 1, 0, 0
1635345365378, 22.48, 200, XNAS, 22.52, 100, IEXG, 22.52, 100, XADF, 45879, 1.04379e+06, 22.7509, 300, 2, 300, 3, 0, 1, 0, 1, 0, 0
1635345365381, 22.48, 200, XNAS, 22.52, 100, IEXG, 22.52, 1, EDGX, 45880, 1.04381e+06, 22.7509, 400, 3, 300, 3, 1, 0, 0, 1, 0, 0
1635345365381, 22.48, 200, XNAS, 22.52, 100, IEXG, 22.52, 100, EDGX, 45980, 1.04606e+06, 22.7504, 400, 3, 200, 2, 0, 1, 0, 1, 0, 0
1635345365381, 22.48, 300, XNYS, 22.52, 100, IEXG, 22.52, 4, XNAS, 45984, 1.04615e+06, 22.7503, 700, 4, 100, 1, 1, 0, 0, 1, 0, 0
1635345365381, 22.48, 300, XNYS, 22.52, 100, IEXG, 22.52, 100, XNAS, 46084, 1.0484e+06, 22.7498, 700, 4, 100, 1, 0, 1, 0, 1, 0, 0
1635345365382, 22.49, 200, BATS, 22.55, 200, XNYS, 22.53, 51, EDGA, 46135, 1.04955e+06, 22.7496, 300, 2, 400, 3, 1, 0, 0, 1, 0, 0
1635345365382, 22.49, 200, BATS, 22.55, 200, XNYS, 22.53, 3, EDGA, 46138, 1.04962e+06, 22.7496, 300, 2, 400, 3, 1, 0, 0, 1, 0, 0
1635345365399, 22.49, 200, BATS, 22.55, 300, XNYS, 22.53, 2, ARCX, 46140, 1.04966e+06, 22.7496, 300, 2, 500, 3, 1, 0, 0, 1, 0, 0
1635345365399, 22.5, 200, XNYS, 22.55, 100, XNAS, 22.55, 200, XNYS, 46340, 1.05417e+06, 22.7487, 200, 1, 200, 2, 0, 1, 0, 1, 0, 0
1635345365400, 22.51, 100, EDGA, 22.55, 100, XNAS, 22.55, 100, BATS, 46440, 1.05643e+06, 22.7483, 100, 1, 100, 1, 0, 1, 0, 1, 0, 0
1635345365400, 22.51, 100, EDGA, 22.58, 100, XPSX, 22.55, 100, XNAS, 46540, 1.05868e+06, 22.7479, 300, 3, 200, 2, 0, 1, 0, 1, 0, 0
1635345365409, 22.52, 100, BATS, 22.58, 200, XNYS, 22.56, 100, XNYS, 46640, 1.06094e+06, 22.7474, 300, 3, 200, 1, 0, 1, 0, 1, 0, 0
1635345365417, 22.55, 200, EDGX, 22.56, 100, XNYS, 22.56, 100, XNYS, 46740, 1.0632e+06, 22.747, 200, 1, 100, 1, 0, 0, 0, 1, 0, 0
1635345366000, 22.56, 200, EDGX, 22.58, 400, XNYS, 22.52, 200, XADF, 46940, 1.0677e+06, 22.7461, 300, 2, 600, 2, 0, 1, 0, 0, 1, 1
1635345387013, 22.56, 300, EDGX, 22.6, 100, IEXG, 22.58, 1, XNYS, 46941, 1.06772e+06, 22.7461, 400, 2, 400, 4, 1, 0, 1, 0, 0, 0
1635345404111, 22.56, 300, EDGX, 22.59, 100, XNYS, 22.575, 100, XADF, 47041, 1.06998e+06, 22.7457, 400, 2, 200, 2, 0, 1, 1, 0, 0, 0
1635345429164, 22.56, 300, EDGX, 22.59, 200, XNYS, 22.56, 95, MEMX, 47136, 1.07212e+06, 22.7453, 400, 2, 500, 4, 1, 0, 0, 0, 1, 0
1635345429164, 22.56, 300, EDGX, 22.59, 200, XNYS, 22.56, 5, XPSX, 47141, 1.07224e+06, 22.7453, 300, 1, 500, 4, 1, 0, 0, 0, 1, 0
1635345477191, 22.56, 300, EDGX, 22.59, 200, XNAS, 22.59, 1, XADF, 47142, 1.07226e+06, 22.7453, 400, 2, 500, 3, 1, 1, 0, 1, 0, 0
1635345487322, 22.56, 300, EDGX, 22.59, 200, XNAS, 22.56, 62, XNYS, 47204, 1.07366e+06, 22.7451, 300, 1, 500, 3, 1, 0, 0, 0, 1, 0
1635345487322, 22.56, 300, EDGX, 22.59, 200, XNAS, 22.56, 2, XNYS, 47206, 1.0737e+06, 22.7451, 300, 1, 500, 3, 1, 0, 0, 0, 1, 0
1635345487322, 22.53, 200, XNYS, 22.58, 100, XNYS, 22.56, 293, EDGX, 47548, 1.08142e+06, 22.7437, 200, 1, 100, 1, 0, 1, 0, 1, 0, 0
1635345487322, 22.53, 200, XNYS, 22.58, 100, XNYS, 22.56, 1, EDGX, 47549, 1.08144e+06, 22.7437, 200, 1, 100, 1, 1, 0, 0, 1, 0, 0
1635345487322, 22.53, 200, XNYS, 22.58, 100, XNYS, 22.56, 1, EDGX, 47550, 1.08146e+06, 22.7437, 200, 1, 100, 1, 1, 0, 0, 1, 0, 0
1635345487322, 22.53, 200, XNYS, 22.58, 100, XNYS, 22.56, 5, BATS, 47555, 1.08158e+06, 22.7437, 200, 1, 100, 1, 1, 0, 0, 1, 0, 0
1635345487322, 22.53, 200, XNYS, 22.58, 100, XNYS, 22.56, 34, BATS, 47589, 1.08234e+06, 22.7436, 200, 1, 100, 1, 1, 0, 0, 1, 0, 0
1635345487322, 22.53, 200, XNYS, 22.58, 100, XNYS, 22.56, 4, MEMX, 47593, 1.08243e+06, 22.7436, 200, 1, 100, 1, 1, 0, 0, 1, 0, 0
1635345487322, 22.53, 200, XNYS, 22.58, 100, XNYS, 22.56, 10, EDGX, 47603, 1.08266e+06, 22.7435, 200, 1, 100, 1, 1, 0, 0, 1, 0, 0
1635345487322, 22.53, 200, XNYS, 22.58, 100, XNYS, 22.56, 1, BATS, 47604, 1.08268e+06, 22.7435, 200, 1, 100, 1, 1, 0, 0, 1, 0, 0
1635345487322, 22.53, 200, XNYS, 22.58, 100, XNYS, 22.56, 1, EDGX, 47605, 1.0827e+06, 22.7435, 200, 1, 100, 1, 1, 0, 0, 1, 0, 0
1635345487322, 22.53, 200, XNYS, 22.58, 100, XNYS, 22.56, 1, MEMX, 47606, 1.08273e+06, 22.7435, 200, 1, 100, 1, 1, 0, 0, 1, 0, 0
1635345487322, 22.53, 200, XNYS, 22.58, 100, XNYS, 22.56, 2, EDGX, 47608, 1.08277e+06, 22.7435, 200, 1, 100, 1, 1, 0, 0, 1, 0, 0
1635345487322, 22.53, 200, XNYS, 22.58, 100, XNYS, 22.56, 2, EDGX, 47610, 1.08282e+06, 22.7435, 200, 1, 100, 1, 1, 0, 0, 1, 0, 0
1635345487323, 22.53, 200, XNYS, 22.57, 100, XNYS, 22.56, 5, BATS, 47615, 1.08293e+06, 22.7435, 200, 1, 100, 1, 1, 0, 0, 1, 0, 0
1635345487323, 22.53, 200, XNYS, 22.57, 100, XNYS, 22.56, 5, XNAS, 47620, 1.08304e+06, 22.7435, 200, 1, 200, 2, 1, 0, 0, 1, 0, 0
1635345498324, 22.52, 100, BATS, 22.57, 400, XNYS, 22.54, 2, BATS, 47622, 1.08309e+06, 22.7434, 100, 1, 1000, 5, 1, 0, 0, 0, 1, 0
1635345531807, 22.53, 100, XNAS, 22.56, 200, XNAS, 22.53, 7, XNYS, 47629, 1.08325e+06, 22.7434, 100, 1, 400, 3, 1, 0, 0, 0, 1, 0
1635345531807, 22.52, 100, BATS, 22.55, 100, XNYS, 22.53, 3, XNAS, 47632, 1.08331e+06, 22.7434, 200, 2, 100, 1, 1, 0, 0, 0, 1, 0
1635345531807, 22.52, 100, BATS, 22.55, 100, XNYS, 22.53, 12, XNAS, 47644, 1.08358e+06, 22.7433, 100, 1, 100, 1, 1, 0, 0, 0, 1, 0
1635345531807, 22.52, 100, BATS, 22.55, 100, XNYS, 22.53, 1, BATS, 47645, 1.08361e+06, 22.7433, 100, 1, 100, 1, 1, 0, 0, 0, 1, 0
1635345531807, 22.52, 100, BATS, 22.55, 100, XNYS, 22.53, 31, XNYS, 47676, 1.0843e+06, 22.7432, 100, 1, 200, 2, 1, 0, 0, 0, 1, 0
1635345531807, 22.52, 100, BATS, 22.55, 200, MEMX, 22.53, 7, BATS, 47683, 1.08446e+06, 22.7432, 100, 1, 400, 3, 1, 0, 0, 0, 1, 0
1635345531807, 22.52, 100, BATS, 22.55, 200, MEMX, 22.53, 2, EDGX, 47685, 1.08451e+06, 22.7432, 100, 1, 400, 3, 1, 0, 0, 0, 1, 0
1635345532206, 22.52, 100, BATS, 22.55, 200, MEMX, 22.53, 21, XNYS, 47706, 1.08498e+06, 22.7431, 100, 1, 500, 3, 1, 0, 0, 0, 1, 0
1635345532206, 22.52, 100, BATS, 22.55, 200, MEMX, 22.53, 2, EDGX, 47708, 1.08503e+06, 22.7431, 100, 1, 600, 3, 1, 0, 0, 0, 1, 0
1635345532207, 22.5, 100, XNYS, 22.54, 100, XNYS, 22.52, 5, BATS, 47713, 1.08514e+06, 22.743, 100, 1, 200, 2, 1, 0, 1, 0, 0, 0
1635345532208, 22.5, 200, XNAS, 22.54, 100, XNAS, 22.52, 5, XNAS, 47718, 1.08525e+06, 22.743, 200, 1, 200, 2, 1, 0, 1, 0, 0, 0
1635345548294, 22.5, 200, XNAS, 22.54, 200, XNAS, 22.54, 10, XNYS, 47728, 1.08548e+06, 22.743, 400, 3, 300, 2, 1, 0, 0, 1, 0, 0
1635345548294, 22.5, 200, XNAS, 22.54, 200, XNAS, 22.54, 157, XNYS, 47885, 1.08902e+06, 22.7423, 400, 3, 300, 2, 0, 0, 0, 1, 0, 0
1635345548294, 22.5, 200, XNAS, 22.54, 200, XNAS, 22.54, 33, XNYS, 47918, 1.08976e+06, 22.7422, 400, 3, 200, 1, 1, 0, 0, 1, 0, 0
