timestamp, bid_price, bid_size, bid_exchange, ask_price, ask_size, ask_exchange, trade_price, trade_size, trade_exchange, volume, notional_volume, vwap, nbb_agg_size, nbb_no_of_exchange, nbo_agg_size, nbo_no_of_exchange, is_odd_lot, is_hidden_order, is_mid_order, is_buy_order, is_sell_order, is_trade_through 
1635341404784, 2.11, 1000, IEXG, 2.2, 1100, XNAS, 2.12, 211, XADF, 3466, 7347.99, 2.12002, 1000, 1, 2400, 3, 0, 1, 0, 0, 1, 0
1635341407971, 2.11, 1000, IEXG, 2.2, 1100, XNAS, 2.1234, 5, XADF, 3473, 7362.92, 2.12005, 1000, 1, 2400, 3, 1, 1, 0, 0, 1, 0
1635341408544, 2.11, 1000, IEXG, 2.2, 1000, XNAS, 2.155, 50, XADF, 3523, 7470.67, 2.12054, 1000, 1, 2300, 3, 1, 1, 1, 0, 0, 0
1635341552951, 2.14, 200, BATS, 2.16, 200, BATS, 2.16, 100, EDGA, 3623, 7686.67, 2.12163, 1000, 6, 600, 3, 0, 1, 0, 1, 0, 0
1635341552952, 2.15, 200, BATS, 2.16, 200, ARCX, 2.155, 200, XADF, 3823, 8117.67, 2.12338, 400, 2, 200, 1, 0, 1, 1, 0, 0, 0
1635341552953, 2.15, 300, IEXG, 2.17, 600, XNAS, 2.16, 200, XADF, 4023, 8549.67, 2.1252, 900, 4, 1500, 5, 0, 1, 1, 0, 0, 0
1635341568970, 2.16, 500, XNAS, 2.17, 1300, IEXG, 2.1607, 125, XADF, 4148, 8819.75, 2.12627, 500, 1, 2700, 6, 0, 1, 0, 0, 1, 0
1635341593309, 2.16, 500, XNAS, 2.17, 1300, IEXG, 2.1607, 100, XADF, 4248, 9035.82, 2.12708, 500, 1, 2700, 6, 0, 1, 0, 0, 1, 0
1635341599103, 2.16, 500, XNAS, 2.17, 1300, IEXG, 2.16, 500, XNAS, 4748, 10115.8, 2.13054, 500, 1, 2700, 6, 0, 0, 0, 0, 1, 0
1635341632521, 2.15, 300, XNAS, 2.17, 1300, IEXG, 2.1516, 100, XADF, 4848, 10331, 2.13098, 900, 4, 2700, 6, 0, 1, 0, 0, 1, 0
1635341700207, 2.15, 300, XNAS, 2.17, 1000, IEXG, 2.1563, 100, XADF, 4948, 10546.6, 2.13149, 1200, 5, 2000, 7, 0, 1, 0, 0, 1, 0
1635341767542, 2.15, 1500, IEXG, 2.17, 1300, IEXG, 2.1583, 100, XADF, 5048, 10762.4, 2.13202, 2900, 8, 2400, 6, 0, 1, 0, 0, 1, 0
1635341813815, 2.15, 1500, IEXG, 2.17, 1300, IEXG, 2.15, 100, EDGX, 5148, 10977.4, 2.13237, 2700, 7, 2400, 6, 0, 0, 0, 0, 1, 0
1635341813816, 2.15, 200, BATS, 2.16, 200, MEMX, 2.15, 300, BATY, 5448, 11622.4, 2.13334, 1100, 6, 200, 1, 0, 1, 0, 0, 1, 0
1635341813817, 2.15, 200, XNYS, 2.16, 200, MEMX, 2.15, 44, BATY, 5492, 11717, 2.13347, 1100, 6, 200, 1, 1, 0, 0, 0, 1, 0
1635341813817, 2.15, 200, XNYS, 2.16, 200, MEMX, 2.15, 134, BATS, 5626, 12005.1, 2.13387, 900, 5, 200, 1, 0, 1, 0, 0, 1, 0
1635341813817, 2.15, 200, XNYS, 2.16, 200, MEMX, 2.15, 67, EDGX, 5693, 12149.2, 2.13406, 800, 4, 200, 1, 1, 0, 0, 0, 1, 0
1635341813817, 2.15, 200, XNYS, 2.16, 200, MEMX, 2.15, 134, MEMX, 5827, 12437.3, 2.13442, 600, 3, 200, 1, 0, 1, 0, 0, 1, 0
1635341813817, 2.15, 200, XNYS, 2.16, 200, MEMX, 2.15, 134, ARCX, 5961, 12725.4, 2.13478, 400, 2, 700, 4, 0, 1, 0, 0, 1, 0
1635341813817, 2.15, 200, XNYS, 2.16, 200, MEMX, 2.15, 134, ARCX, 5961, 12725.4, 2.13478, 400, 2, 700, 4, 0, 1, 0, 0, 1, 0
1635341813817, 2.15, 200, XNYS, 2.16, 200, MEMX, 2.15, 134, XNYS, 6095, 13013.5, 2.13511, 400, 2, 700, 4, 0, 0, 0, 0, 1, 0
1635341813817, 2.15, 200, IEXG, 2.16, 200, MEMX, 2.15, 22, BATY, 6117, 13060.8, 2.13516, 200, 1, 900, 5, 1, 0, 0, 0, 1, 0
1635341813817, 2.15, 200, IEXG, 2.16, 200, MEMX, 2.15, 78, BATY, 6195, 13228.5, 2.13535, 200, 1, 900, 5, 1, 0, 0, 0, 1, 0
1635341813817, 2.15, 200, IEXG, 2.16, 200, MEMX, 2.15, 12, BATY, 6207, 13254.3, 2.13538, 200, 1, 900, 5, 1, 0, 0, 0, 1, 0
1635341813817, 2.15, 200, IEXG, 2.16, 200, MEMX, 2.15, 11, BATY, 6218, 13277.9, 2.1354, 200, 1, 900, 5, 1, 0, 0, 0, 1, 0
1635341813817, 2.14, 500, XNAS, 2.16, 200, MEMX, 2.15, 134, IEXG, 6352, 13566, 2.13571, 1100, 4, 900, 5, 0, 1, 1, 0, 0, 0
1635341862967, 2.14, 600, XNAS, 2.15, 600, ARCX, 2.145, 30, XADF, 6382, 13630.4, 2.13576, 900, 3, 2700, 10, 1, 1, 1, 0, 0, 0
1635341863043, 2.14, 200, XNAS, 2.15, 600, ARCX, 2.14, 300, XNAS, 6683, 14274.5, 2.13595, 500, 3, 2700, 10, 0, 0, 0, 0, 1, 0
1635341863043, 2.14, 200, MEMX, 2.15, 600, ARCX, 2.14, 2, XNAS, 6685, 14278.8, 2.13595, 400, 3, 2700, 10, 1, 0, 0, 0, 1, 0
1635341863043, 2.14, 200, MEMX, 2.15, 600, ARCX, 2.14, 198, XNAS, 6883, 14702.5, 2.13607, 300, 2, 2700, 10, 0, 1, 0, 0, 1, 0
1635341863043, 2.14, 200, MEMX, 2.15, 1200, XNAS, 2.14, 100, ARCX, 6983, 14916.5, 2.13612, 200, 1, 3500, 10, 0, 1, 0, 0, 1, 0
1635341873759, 2.13, 300, MEMX, 2.14, 300, EDGX, 2.13, 100, XADF, 7083, 15129.5, 2.13604, 1100, 5, 600, 3, 0, 1, 0, 0, 1, 0
1635341928802, 2.13, 1400, XNAS, 2.14, 400, MEMX, 2.14, 100, EDGA, 7183, 15343.5, 2.13609, 3000, 5, 700, 2, 0, 1, 0, 1, 0, 0
1635341928802, 2.13, 1400, XNAS, 2.14, 400, MEMX, 2.14, 61, XNAS, 7244, 15474.1, 2.13612, 3000, 5, 700, 2, 1, 0, 0, 1, 0, 0
1635341928802, 2.13, 1400, XNAS, 2.14, 400, MEMX, 2.14, 300, EDGX, 7544, 16116.1, 2.13628, 3000, 5, 400, 1, 0, 1, 0, 1, 0, 0
1635341928802, 2.13, 1700, XNAS, 2.15, 400, XNAS, 2.14, 100, MEMX, 7644, 16330.1, 2.13633, 3800, 6, 1400, 6, 0, 1, 1, 0, 0, 0
1635341928802, 2.13, 1700, XNAS, 2.15, 400, XNAS, 2.14, 100, MEMX, 7744, 16544.1, 2.13637, 3800, 6, 1400, 6, 0, 1, 1, 0, 0, 0
1635341928802, 2.13, 1700, XNAS, 2.15, 400, XNAS, 2.14, 200, MEMX, 7944, 16972.1, 2.13647, 3800, 6, 1400, 6, 0, 1, 1, 0, 0, 0
1635341934999, 2.14, 1200, XNAS, 2.15, 400, XNAS, 2.145, 5, XADF, 7949, 16982.8, 2.13647, 1900, 3, 1500, 7, 1, 1, 1, 0, 0, 0
1635341937028, 2.14, 400, MEMX, 2.15, 400, XNAS, 2.15, 100, EDGA, 8049, 17197.8, 2.13664, 700, 3, 1200, 6, 0, 1, 0, 1, 0, 0
1635341937028, 2.14, 400, MEMX, 2.15, 400, XNAS, 2.15, 300, BATY, 8349, 17842.8, 2.13712, 700, 3, 900, 5, 0, 1, 0, 1, 0, 0
1635341937044, 2.14, 400, MEMX, 2.15, 400, XNAS, 2.15, 600, XADF, 8949, 19132.8, 2.13798, 1600, 5, 900, 5, 0, 1, 0, 1, 0, 0
1635341943200, 2.14, 400, MEMX, 2.15, 400, XNAS, 2.15, 24, EDGA, 8973, 19184.4, 2.13801, 1600, 5, 900, 5, 1, 0, 0, 1, 0, 0
1635341943200, 2.14, 400, MEMX, 2.15, 400, XNAS, 2.15, 76, EDGA, 9049, 19347.8, 2.13812, 1600, 5, 900, 5, 1, 0, 0, 1, 0, 0
1635341943203, 2.14, 400, MEMX, 2.15, 400, XNAS, 2.15, 24, EDGA, 9073, 19399.4, 2.13815, 1600, 5, 900, 5, 1, 0, 0, 1, 0, 0
1635341964505, 2.14, 400, MEMX, 2.15, 400, XNAS, 2.145, 100, XNAS, 9173, 19613.9, 2.13822, 700, 3, 1100, 7, 0, 1, 1, 0, 0, 0
1635341964506, 2.14, 400, MEMX, 2.15, 400, XNAS, 2.145, 100, XNYS, 9273, 19828.4, 2.13829, 700, 3, 1100, 7, 0, 1, 1, 0, 0, 0
1635341964506, 2.14, 400, MEMX, 2.15, 400, XNAS, 2.145, 100, XNAS, 9373, 20042.9, 2.13837, 900, 4, 1100, 7, 0, 1, 1, 0, 0, 0
1635341964506, 2.14, 400, MEMX, 2.15, 400, XNAS, 2.15, 36, EDGA, 9409, 20120.3, 2.13841, 1400, 5, 1000, 6, 1, 0, 0, 1, 0, 0
1635341964506, 2.14, 400, MEMX, 2.15, 400, XNAS, 2.15, 48, EDGA, 9457, 20223.5, 2.13847, 1400, 5, 1000, 6, 1, 0, 0, 1, 0, 0
1635341964506, 2.14, 600, XNAS, 2.15, 400, XNAS, 2.15, 16, EDGA, 9473, 20257.9, 2.13849, 2100, 5, 1000, 6, 1, 0, 0, 1, 0, 0
1635341964516, 2.14, 1100, MEMX, 2.15, 100, XNYS, 2.15, 100, EDGX, 9573, 20472.9, 2.13861, 3400, 5, 300, 3, 0, 1, 0, 1, 0, 0
1635341964517, 2.14, 1200, MEMX, 2.15, 100, XNYS, 2.15, 100, XNYS, 9673, 20687.9, 2.13873, 5100, 7, 300, 3, 0, 0, 0, 1, 0, 0
1635341964517, 2.14, 1200, MEMX, 2.15, 100, IEXG, 2.15, 100, ARCX, 9773, 20902.9, 2.13884, 5100, 7, 100, 1, 0, 1, 0, 1, 0, 0
1635341964517, 2.14, 1200, EDGX, 2.15, 100, IEXG, 2.15, 100, IEXG, 9873, 21117.9, 2.13896, 5300, 8, 100, 1, 0, 0, 0, 1, 0, 0
1635341964518, 2.15, 500, MEMX, 2.16, 2800, XNAS, 2.1482, 9, XADF, 9891, 21156.6, 2.13897, 800, 2, 8600, 7, 1, 1, 0, 0, 1, 1
1635341964519, 2.15, 500, MEMX, 2.16, 2800, XNAS, 2.1499, 100, XADF, 9991, 21371.6, 2.13908, 800, 2, 8600, 7, 0, 1, 0, 0, 1, 1
1635341964519, 2.15, 500, MEMX, 2.16, 2800, XNAS, 2.1499, 100, XADF, 10091, 21586.6, 2.13919, 800, 2, 8600, 7, 0, 1, 0, 0, 1, 1
1635341964519, 2.15, 500, MEMX, 2.16, 2800, XNAS, 2.1499, 100, XADF, 10191, 21801.6, 2.1393, 800, 2, 8600, 7, 0, 1, 0, 0, 1, 1
1635341964519, 2.15, 500, MEMX, 2.16, 2800, XNAS, 2.1499, 100, XADF, 10291, 22016.5, 2.1394, 800, 2, 8600, 7, 0, 1, 0, 0, 1, 1
1635341964547, 2.15, 500, MEMX, 2.16, 1300, IEXG, 2.155, 100, XNAS, 10391, 22232, 2.13955, 600, 2, 4600, 7, 0, 1, 1, 0, 0, 0
1635341964548, 2.15, 500, MEMX, 2.16, 1300, IEXG, 2.16, 91, XADF, 10482, 22428.6, 2.13973, 600, 2, 4600, 7, 1, 1, 0, 1, 0, 0
1635341964550, 2.15, 500, MEMX, 2.16, 1300, IEXG, 2.15, 100, XADF, 10582, 22643.6, 2.13982, 600, 2, 4600, 7, 0, 1, 0, 0, 1, 0
1635341964550, 2.15, 500, MEMX, 2.16, 1300, IEXG, 2.15, 91, XADF, 10673, 22839.3, 2.13991, 600, 2, 4600, 7, 1, 1, 0, 0, 1, 0
1635341983972, 2.15, 200, MEMX, 2.16, 1300, IEXG, 2.1501, 1, XADF, 10674, 22841.4, 2.13991, 200, 1, 2800, 7, 1, 1, 0, 0, 1, 0
1635341985254, 2.15, 200, MEMX, 2.16, 1300, IEXG, 2.15, 100, XADF, 10774, 23056.4, 2.14, 200, 1, 2800, 7, 0, 1, 0, 0, 1, 0
1635342147429, 2.14, 400, ARCX, 2.16, 600, MEMX, 2.15, 100, XADF, 10874, 23271.4, 2.1401, 1800, 7, 1800, 6, 0, 1, 1, 0, 0, 0
1635342197808, 2.15, 400, XNAS, 2.16, 100, XNAS, 2.16, 75, XNAS, 10949, 23433.4, 2.14023, 1700, 7, 100, 1, 1, 0, 0, 1, 0, 0
1635342197808, 2.15, 400, MEMX, 2.17, 400, XNAS, 2.16, 25, XNAS, 10974, 23487.4, 2.14028, 1700, 7, 1300, 5, 1, 0, 1, 0, 0, 0
1635342220926, 2.16, 400, MEMX, 2.17, 1000, IEXG, 2.16, 300, XNAS, 11274, 24135.4, 2.1408, 500, 2, 1900, 4, 0, 1, 0, 0, 1, 0
1635342220926, 2.16, 400, MEMX, 2.17, 1000, IEXG, 2.16, 100, XNAS, 11374, 24351.4, 2.14097, 500, 2, 1900, 4, 0, 1, 0, 0, 1, 0
1635342220926, 2.16, 400, MEMX, 2.17, 1000, IEXG, 2.16, 100, ARCX, 11474, 24567.4, 2.14114, 400, 1, 1900, 4, 0, 1, 0, 0, 1, 0
1635342220926, 2.16, 400, MEMX, 2.17, 1000, IEXG, 2.16, 200, MEMX, 11674, 24999.4, 2.14146, 400, 1, 3200, 6, 0, 0, 0, 0, 1, 0
1635342220926, 2.16, 400, MEMX, 2.17, 1000, IEXG, 2.16, 200, MEMX, 11874, 25431.4, 2.14177, 400, 1, 3200, 6, 0, 0, 0, 0, 1, 0
1635342378447, 2.15, 1400, XNAS, 2.16, 100, ARCX, 2.15, 100, XADF, 11974, 25646.4, 2.14184, 2800, 7, 100, 1, 0, 1, 0, 0, 1, 0
1635342392164, 2.15, 1400, XNAS, 2.16, 100, ARCX, 2.15, 150, XADF, 12124, 25968.9, 2.14194, 2800, 7, 100, 1, 0, 1, 0, 0, 1, 0
1635342498834, 2.15, 1100, XNAS, 2.16, 500, MEMX, 2.155, 60, XADF, 12184, 26098.2, 2.14201, 2300, 6, 800, 3, 1, 1, 1, 0, 0, 0
1635342555428, 2.15, 1100, XNAS, 2.16, 700, EDGX, 2.15, 100, EDGA, 12284, 26313.2, 2.14207, 1200, 2, 3900, 9, 0, 1, 0, 0, 1, 0
1635342677823, 2.15, 1000, XNAS, 2.16, 500, MEMX, 2.155, 3, XADF, 12287, 26319.7, 2.14207, 1600, 2, 1900, 6, 1, 1, 1, 0, 0, 0
1635342760206, 2.15, 1000, XNAS, 2.16, 500, MEMX, 2.15, 100, XADF, 12387, 26534.7, 2.14214, 1600, 2, 1900, 6, 0, 1, 0, 0, 1, 0
1635342760206, 2.15, 600, MEMX, 2.16, 500, MEMX, 2.15, 1000, XNAS, 13387, 28684.7, 2.14273, 600, 1, 1900, 6, 0, 1, 0, 0, 1, 0
1635342760207, 2.15, 600, MEMX, 2.16, 1000, XNAS, 2.15, 100, MEMX, 13487, 28899.7, 2.14278, 600, 1, 4200, 10, 0, 0, 0, 0, 1, 0
1635342760207, 2.15, 600, MEMX, 2.16, 1000, XNAS, 2.15, 200, MEMX, 13687, 29329.7, 2.14289, 600, 1, 4200, 10, 0, 0, 0, 0, 1, 0
1635342760207, 2.15, 600, MEMX, 2.16, 1000, XNAS, 2.15, 200, MEMX, 13887, 29759.7, 2.14299, 600, 1, 4200, 10, 0, 0, 0, 0, 1, 0
1635342760208, 2.14, 2300, BATS, 2.15, 300, MEMX, 2.1505, 8, XADF, 13895, 29776.9, 2.14299, 5300, 5, 300, 1, 1, 1, 0, 1, 0, 1
1635342777915, 2.14, 200, MEMX, 2.15, 500, MEMX, 2.14, 100, ARCX, 13995, 29990.9, 2.14297, 400, 3, 900, 3, 0, 0, 0, 0, 1, 0
1635342819278, 2.14, 200, MEMX, 2.15, 500, MEMX, 2.145, 800, XADF, 14795, 31706.9, 2.14308, 300, 2, 1100, 4, 0, 1, 1, 0, 0, 0
1635342823693, 2.13, 2300, BATS, 2.15, 600, BATS, 2.14, 2, XADF, 14797, 31711.2, 2.14308, 3600, 5, 3000, 7, 1, 1, 1, 0, 0, 0
1635342957269, 2.14, 100, MEMX, 2.15, 500, MEMX, 2.14, 100, MEMX, 14897, 31925.2, 2.14306, 100, 1, 1000, 4, 0, 0, 0, 0, 1, 0
1635343133717, 2.14, 1800, XNAS, 2.15, 100, EDGX, 2.14, 100, XADF, 14997, 32139.2, 2.14304, 3300, 6, 100, 1, 0, 1, 0, 0, 1, 0
1635343136600, 2.14, 1800, XNAS, 2.15, 100, EDGX, 2.14, 2, XADF, 14999, 32143.4, 2.14304, 3300, 6, 100, 1, 1, 1, 0, 0, 1, 0
1635343198705, 2.14, 2400, XNAS, 2.15, 100, EDGX, 2.15, 1, XNAS, 15001, 32147.7, 2.14304, 4100, 6, 100, 1, 1, 0, 0, 1, 0, 0
1635343198705, 2.14, 2700, XNAS, 2.16, 500, MEMX, 2.15, 100, EDGX, 15101, 32362.7, 2.14309, 4400, 6, 1800, 6, 0, 1, 1, 0, 0, 0
1635343202905, 2.15, 400, MEMX, 2.16, 500, MEMX, 2.15, 100, XADF, 15201, 32577.7, 2.14313, 900, 3, 1000, 3, 0, 1, 0, 0, 1, 0
1635343202906, 2.15, 400, MEMX, 2.16, 500, MEMX, 2.15, 150, XADF, 15351, 32900.2, 2.1432, 900, 3, 1000, 3, 0, 1, 0, 0, 1, 0
1635343202907, 2.15, 400, MEMX, 2.16, 500, MEMX, 2.1505, 100, XADF, 15451, 33115.3, 2.14325, 900, 3, 1000, 3, 0, 1, 0, 0, 1, 0
1635343202907, 2.15, 400, MEMX, 2.16, 500, MEMX, 2.1505, 150, XADF, 15601, 33437.9, 2.14331, 900, 3, 1000, 3, 0, 1, 0, 0, 1, 0
1635343216315, 2.14, 2200, XNAS, 2.16, 500, MEMX, 2.16, 1163, XADF, 16764, 35949.9, 2.14447, 4000, 6, 2000, 7, 0, 1, 0, 1, 0, 0
1635343256184, 2.15, 500, MEMX, 2.16, 500, MEMX, 2.15, 1, XADF, 16765, 35952.1, 2.14447, 800, 2, 1100, 4, 1, 1, 0, 0, 1, 0
1635343297015, 2.15, 500, MEMX, 2.16, 500, MEMX, 2.16, 2000, XADF, 18766, 40274.2, 2.14613, 600, 2, 1000, 3, 0, 1, 0, 1, 0, 0
1635343383197, 2.15, 300, XNAS, 2.16, 600, XNAS, 2.16, 12, XADF, 18778, 40300.2, 2.14614, 300, 1, 2500, 7, 1, 1, 0, 1, 0, 0
1635343400714, 2.15, 200, XNAS, 2.16, 600, XNAS, 2.15, 85, XNAS, 18863, 40482.9, 2.14615, 200, 1, 2400, 6, 1, 0, 0, 0, 1, 0
1635343400714, 2.15, 200, XNAS, 2.16, 600, XNAS, 2.15, 15, XNAS, 18878, 40515.2, 2.14616, 200, 1, 2400, 6, 1, 0, 0, 0, 1, 0
1635343457459, 2.14, 1800, XNAS, 2.15, 400, MEMX, 2.14, 100, EDGA, 18978, 40729.2, 2.14613, 2600, 4, 800, 3, 0, 1, 0, 0, 1, 0
1635343504410, 2.14, 1800, XNAS, 2.15, 1400, IEXG, 2.1405, 3, XADF, 18981, 40735.6, 2.14612, 2000, 2, 3600, 7, 1, 1, 0, 0, 1, 0
1635343512519, 2.14, 1800, XNAS, 2.15, 1400, IEXG, 2.14, 100, MEMX, 19081, 40949.6, 2.14609, 2100, 3, 2800, 6, 0, 0, 0, 0, 1, 0
1635343517683, 2.14, 1800, XNAS, 2.15, 1400, IEXG, 2.1408, 973, XADF, 20054, 43032.6, 2.14584, 2000, 2, 3000, 7, 0, 1, 0, 0, 1, 0
1635343525487, 2.14, 1800, XNAS, 2.15, 1400, IEXG, 2.14, 100, ARCX, 20154, 43246.6, 2.14581, 1900, 2, 3900, 7, 0, 0, 0, 0, 1, 0
1635343577073, 2.14, 1800, XNAS, 2.15, 1200, IEXG, 2.1412, 390, XADF, 20544, 44081.7, 2.14572, 1800, 1, 3300, 7, 0, 1, 0, 0, 1, 0
1635343593913, 2.14, 800, XNAS, 2.15, 1200, IEXG, 2.14, 1000, XNAS, 21544, 46221.7, 2.14545, 800, 1, 3300, 7, 0, 0, 0, 0, 1, 0
1635343593913, 2.14, 800, XNAS, 2.15, 1200, IEXG, 2.14, 870, XNAS, 22414, 48083.5, 2.14524, 800, 1, 3300, 7, 0, 0, 0, 0, 1, 0
1635343593913, 2.13, 500, MEMX, 2.15, 1200, IEXG, 2.14, 2, EDGX, 22416, 48087.7, 2.14524, 1100, 3, 3900, 7, 1, 0, 1, 0, 0, 0
1635343593914, 2.13, 400, XNAS, 2.14, 1000, MEMX, 2.14, 30, ARCX, 22446, 48151.9, 2.14523, 700, 3, 3000, 4, 1, 0, 0, 1, 0, 0
1635343598592, 2.13, 300, MEMX, 2.14, 500, MEMX, 2.13, 300, XADF, 22746, 48790.9, 2.14503, 500, 2, 2300, 8, 0, 1, 0, 0, 1, 0
1635343598596, 2.13, 300, MEMX, 2.14, 500, MEMX, 2.13, 100, XNAS, 22846, 49003.9, 2.14497, 300, 1, 2300, 8, 0, 1, 0, 0, 1, 0
1635343598596, 2.13, 300, MEMX, 2.14, 500, MEMX, 2.13, 85, XNAS, 22931, 49185, 2.14491, 300, 1, 2300, 8, 1, 0, 0, 0, 1, 0
1635343621625, 2.12, 2700, XNAS, 2.14, 1700, IEXG, 2.12, 100, XADF, 23031, 49397, 2.1448, 6400, 7, 3900, 8, 0, 1, 0, 0, 1, 0
1635343663433, 2.13, 1000, EDGX, 2.14, 1700, IEXG, 2.14, 100, EDGA, 23131, 49611, 2.14478, 1000, 1, 3500, 7, 0, 1, 0, 1, 0, 0
1635343663433, 2.13, 1000, EDGX, 2.14, 1700, IEXG, 2.14, 100, BATY, 23231, 49825, 2.14476, 1000, 1, 3400, 6, 0, 1, 0, 1, 0, 0
1635343663520, 2.13, 1000, EDGX, 2.14, 600, EDGX, 2.138, 418, XADF, 23649, 50718.7, 2.14464, 1700, 3, 1700, 5, 0, 1, 0, 1, 0, 0
1635343725132, 2.13, 1400, EDGX, 2.14, 200, XNAS, 2.14, 47, XADF, 23696, 50819.2, 2.14463, 3200, 7, 300, 2, 1, 1, 0, 1, 0, 0
1635343738962, 2.13, 1400, EDGX, 2.14, 200, XNAS, 2.13, 2727, XADF, 26423, 56627.8, 2.14312, 3200, 7, 300, 2, 0, 1, 0, 0, 1, 0
1635343743308, 2.13, 1400, EDGX, 2.14, 200, XNAS, 2.13, 100, XADF, 26524, 56842.9, 2.14307, 3200, 7, 300, 2, 0, 1, 0, 0, 1, 0
1635343856824, 2.13, 1700, XNAS, 2.14, 300, IEXG, 2.13, 100, EDGA, 26624, 57055.9, 2.14302, 3100, 3, 600, 3, 0, 1, 0, 0, 1, 0
1635343899176, 2.13, 1000, EDGX, 2.14, 1500, IEXG, 2.13, 1495, XNAS, 28119, 60240.2, 2.14233, 1000, 1, 4100, 9, 0, 1, 0, 0, 1, 0
1635343899176, 2.13, 1000, EDGX, 2.14, 1500, IEXG, 2.13, 7, XNAS, 28126, 60255.1, 2.14233, 1000, 1, 3800, 9, 1, 0, 0, 0, 1, 0
1635343899176, 2.13, 1000, EDGX, 2.14, 1500, IEXG, 2.13, 5, EDGX, 28131, 60265.8, 2.14233, 1000, 1, 4200, 10, 1, 0, 0, 0, 1, 0
1635343899176, 2.12, 2200, BATS, 2.14, 1500, IEXG, 2.13, 1000, EDGX, 29131, 62395.8, 2.1419, 4100, 6, 4500, 10, 0, 1, 1, 0, 0, 0
1635343899178, 2.12, 2200, BATS, 2.13, 1000, EDGX, 2.1301, 5, XADF, 29136, 62406.4, 2.1419, 4600, 5, 5000, 7, 1, 1, 0, 1, 0, 1
1635343899179, 2.12, 2200, BATS, 2.13, 1000, EDGX, 2.1301, 395, XADF, 29531, 63247.8, 2.14174, 4600, 5, 5000, 7, 0, 1, 0, 1, 0, 1
1635343926854, 2.12, 500, MEMX, 2.13, 500, ARCX, 2.125, 10, XADF, 29541, 63269.1, 2.14174, 900, 3, 1400, 5, 1, 1, 1, 0, 0, 0
1635343928130, 2.12, 500, MEMX, 2.13, 500, ARCX, 2.1216, 200, XADF, 29741, 63693.4, 2.1416, 900, 3, 1400, 5, 0, 1, 0, 0, 1, 0
1635343963808, 2.12, 300, MEMX, 2.13, 700, XNAS, 2.13, 200, BATY, 29941, 64119.4, 2.14153, 400, 2, 3300, 7, 0, 1, 0, 1, 0, 0
1635343963906, 2.12, 500, MEMX, 2.13, 400, ARCX, 2.128, 200, XADF, 30141, 64545, 2.14144, 1500, 4, 1800, 7, 0, 1, 0, 1, 0, 0
1635343973094, 2.12, 500, MEMX, 2.13, 400, XNAS, 2.12, 100, EDGA, 30241, 64757, 2.14136, 1100, 4, 1800, 7, 0, 1, 0, 0, 1, 0
1635343973094, 2.12, 500, MEMX, 2.13, 400, XNAS, 2.12, 54, XNAS, 30295, 64871.5, 2.14133, 1000, 4, 1800, 7, 1, 0, 0, 0, 1, 0
1635343973094, 2.12, 500, MEMX, 2.13, 700, XNAS, 2.12, 18, BATS, 30313, 64909.6, 2.14131, 800, 3, 2100, 7, 1, 0, 0, 0, 1, 0
1635343973094, 2.12, 500, MEMX, 2.13, 700, XNAS, 2.12, 3, EDGX, 30316, 64916, 2.14131, 700, 2, 2100, 7, 1, 0, 0, 0, 1, 0
1635343973094, 2.12, 500, MEMX, 2.13, 700, XNAS, 2.12, 89, MEMX, 30405, 65104.7, 2.14125, 700, 2, 2100, 7, 1, 0, 0, 0, 1, 0
1635343973094, 2.12, 200, XNYS, 2.13, 1200, XNAS, 2.12, 36, XNYS, 30441, 65181, 2.14122, 200, 1, 3900, 9, 1, 0, 0, 0, 1, 0
1635344083299, 2.12, 500, MEMX, 2.13, 400, XNAS, 2.12, 100, MEMX, 30541, 65393, 2.14115, 800, 3, 1500, 6, 0, 0, 0, 0, 1, 0
1635344186764, 2.12, 600, MEMX, 2.13, 800, ARCX, 2.1289, 100, XADF, 30641, 65605.9, 2.14111, 900, 3, 3300, 7, 0, 1, 0, 1, 0, 0
1635344201238, 2.12, 600, MEMX, 2.13, 500, ARCX, 2.125, 5, XADF, 30646, 65616.5, 2.14111, 1100, 4, 1500, 5, 1, 1, 1, 0, 0, 0
1635344205844, 2.12, 600, MEMX, 2.13, 400, MEMX, 2.12, 100, EDGA, 30746, 65828.5, 2.14104, 1000, 3, 1200, 5, 0, 1, 0, 0, 1, 0
1635344213417, 2.12, 600, MEMX, 2.13, 400, MEMX, 2.1295, 5, XADF, 30751, 65839.2, 2.14104, 1000, 4, 1500, 6, 1, 1, 0, 1, 0, 0
1635344427744, 2.12, 600, MEMX, 2.13, 400, MEMX, 2.12, 30, XADF, 30781, 65902.8, 2.14102, 900, 3, 1400, 6, 1, 1, 0, 0, 1, 0
1635344484526, 2.12, 200, EDGX, 2.13, 700, XNAS, 2.13, 250, XADF, 31031, 66435.3, 2.14093, 300, 2, 3300, 8, 0, 1, 0, 1, 0, 0
1635344485876, 2.12, 400, MEMX, 2.13, 700, XNAS, 2.12, 100, MEMX, 31131, 66647.3, 2.14087, 700, 3, 1700, 6, 0, 0, 0, 0, 1, 0
1635344543791, 2.12, 300, MEMX, 2.13, 700, XNAS, 2.1291, 100, XADF, 31231, 66860.2, 2.14083, 600, 3, 1800, 6, 0, 1, 0, 1, 0, 0
1635344558141, 2.12, 500, MEMX, 2.13, 700, XNAS, 2.13, 400, XADF, 31631, 67712.2, 2.14069, 800, 3, 1700, 6, 0, 1, 0, 1, 0, 0
1635344558146, 2.12, 1100, XNAS, 2.13, 400, XNAS, 2.12, 100, XADF, 31731, 67924.2, 2.14063, 3300, 6, 1400, 6, 0, 1, 0, 0, 1, 0
1635344578198, 2.12, 500, MEMX, 2.13, 700, XNAS, 2.13, 80, XADF, 31811, 68094.6, 2.1406, 1100, 3, 2200, 7, 1, 1, 0, 1, 0, 0
1635344604703, 2.12, 400, XNAS, 2.13, 700, XNAS, 2.12, 100, MEMX, 31911, 68306.6, 2.14053, 1000, 3, 1700, 6, 0, 0, 0, 0, 1, 0
1635344608136, 2.12, 400, XNAS, 2.13, 700, XNAS, 2.13, 100, XADF, 32011, 68519.6, 2.1405, 700, 3, 3100, 8, 0, 1, 0, 1, 0, 0
1635344630362, 2.12, 500, XNAS, 2.13, 500, MEMX, 2.13, 3, XADF, 32014, 68526, 2.1405, 1100, 3, 1500, 6, 1, 1, 0, 1, 0, 0
1635344712535, 2.12, 600, XNAS, 2.13, 400, XNAS, 2.125, 34, XADF, 32048, 68598.2, 2.14048, 1300, 4, 1400, 6, 1, 1, 1, 0, 0, 0
1635344729722, 2.12, 500, XNAS, 2.13, 400, XNAS, 2.12, 100, EDGA, 32148, 68810.2, 2.14042, 1000, 3, 1300, 6, 0, 1, 0, 0, 1, 0
1635344755523, 2.12, 500, XNAS, 2.13, 400, XNAS, 2.12, 108, XADF, 32256, 69039.2, 2.14035, 1600, 5, 1300, 6, 0, 1, 0, 0, 1, 0
1635344765508, 2.12, 500, XNAS, 2.13, 400, XNAS, 2.12, 6, XADF, 32262, 69051.9, 2.14035, 1600, 5, 1300, 6, 1, 1, 0, 0, 1, 0
1635344825909, 2.12, 500, XNAS, 2.13, 400, XNAS, 2.125, 100, XADF, 32362, 69264.4, 2.1403, 1000, 4, 1300, 6, 0, 1, 1, 0, 0, 0
1635344862192, 2.12, 500, XNAS, 2.13, 1500, IEXG, 2.12, 7, EDGX, 32369, 69279.2, 2.1403, 900, 3, 4700, 9, 1, 0, 0, 0, 1, 0
1635344862192, 2.12, 500, XNAS, 2.13, 1500, IEXG, 2.12, 5, EDGX, 32374, 69289.8, 2.14029, 900, 3, 4700, 9, 1, 0, 0, 0, 1, 0
1635344862192, 2.12, 500, XNAS, 2.13, 1500, IEXG, 2.12, 8, EDGX, 32382, 69306.8, 2.14029, 900, 3, 4700, 9, 1, 0, 0, 0, 1, 0
1635344862192, 2.12, 500, XNAS, 2.13, 1500, IEXG, 2.12, 1, EDGX, 32383, 69308.9, 2.14029, 900, 3, 5200, 9, 1, 0, 0, 0, 1, 0
1635344862192, 2.12, 500, XNAS, 2.13, 1500, IEXG, 2.12, 79, EDGX, 32462, 69476.4, 2.14024, 800, 3, 5200, 9, 1, 0, 0, 0, 1, 0
1635344862194, 2.12, 500, XNAS, 2.13, 1500, IEXG, 2.12, 4, XADF, 32466, 69484.9, 2.14024, 700, 2, 6900, 9, 1, 1, 0, 0, 1, 0
1635344871165, 2.12, 500, XNAS, 2.13, 1500, IEXG, 2.13, 1, XADF, 32467, 69487, 2.14024, 700, 2, 3800, 8, 1, 1, 0, 1, 0, 0
1635344874677, 2.12, 500, XNAS, 2.13, 1500, IEXG, 2.122, 39, XADF, 32506, 69569.8, 2.14021, 500, 1, 3800, 8, 1, 1, 0, 0, 1, 0
1635344929461, 2.12, 500, XNAS, 2.13, 1500, IEXG, 2.13, 100, EDGA, 32606, 69782.8, 2.14018, 500, 1, 3400, 7, 0, 1, 0, 1, 0, 0
1635344929487, 2.12, 500, XNAS, 2.13, 400, XNAS, 2.128, 1300, XADF, 33906, 72549.2, 2.13971, 1600, 4, 1200, 6, 0, 1, 0, 1, 0, 0
1635344929960, 2.12, 500, XNAS, 2.13, 400, XNAS, 2.12, 4, XADF, 33910, 72557.6, 2.13971, 1200, 4, 1200, 6, 1, 1, 0, 0, 1, 0
1635344943627, 2.12, 500, XNAS, 2.13, 400, XNAS, 2.125, 5, XADF, 33915, 72568.3, 2.13971, 1200, 4, 1200, 6, 1, 1, 1, 0, 0, 0
1635344946048, 2.12, 500, XNAS, 2.13, 400, XNAS, 2.13, 3, XADF, 33918, 72574.7, 2.13971, 1200, 4, 1200, 6, 1, 1, 0, 1, 0, 0
1635344958311, 2.12, 1100, ARCX, 2.13, 400, XNAS, 2.122, 1, XADF, 33919, 72576.8, 2.13971, 2300, 5, 1200, 6, 1, 1, 0, 0, 1, 0
1635344958509, 2.12, 1100, ARCX, 2.13, 400, XNAS, 2.12, 1, XADF, 33920, 72578.9, 2.13971, 2300, 5, 1200, 6, 1, 1, 0, 0, 1, 0
1635344987194, 2.12, 1100, ARCX, 2.13, 400, XNAS, 2.1248, 10, XADF, 33930, 72600.2, 2.1397, 2200, 5, 1200, 6, 1, 1, 0, 0, 1, 0
1635345096739, 2.12, 1200, ARCX, 2.13, 400, XNAS, 2.1208, 471, XADF, 34401, 73599.1, 2.13945, 2200, 3, 1500, 7, 0, 1, 0, 0, 1, 0
1635345137316, 2.12, 1200, ARCX, 2.13, 400, MEMX, 2.125, 100, XNAS, 34501, 73811.6, 2.1394, 2800, 5, 1100, 5, 0, 1, 1, 0, 0, 0
1635345150724, 2.12, 1200, ARCX, 2.13, 400, MEMX, 2.12, 100, EDGA, 34601, 74023.6, 2.13935, 2700, 4, 1100, 5, 0, 1, 0, 0, 1, 0
1635345256929, 2.12, 1200, ARCX, 2.13, 400, XNAS, 2.125, 100, XNAS, 34701, 74236.1, 2.13931, 3000, 6, 1100, 5, 0, 1, 1, 0, 0, 0
1635345256929, 2.12, 1200, ARCX, 2.13, 400, MEMX, 2.13, 100, XNAS, 34801, 74449.1, 2.13928, 3000, 6, 1000, 5, 0, 0, 0, 1, 0, 0
1635345256929, 2.12, 1200, ARCX, 2.13, 400, MEMX, 2.13, 218, XNAS, 35019, 74913.4, 2.13922, 3000, 6, 800, 5, 0, 0, 0, 1, 0, 0
1635345256929, 2.12, 1200, ARCX, 2.13, 400, MEMX, 2.13, 82, XNAS, 35101, 75088.1, 2.1392, 3800, 7, 700, 4, 1, 0, 0, 1, 0, 0
1635345256929, 2.12, 1200, ARCX, 2.13, 400, MEMX, 2.13, 1, XNAS, 35102, 75090.2, 2.1392, 3800, 7, 700, 4, 1, 0, 0, 1, 0, 0
1635345256930, 2.12, 1500, ARCX, 2.13, 100, EDGX, 2.13, 17, XNAS, 35119, 75126.4, 2.1392, 6300, 8, 200, 2, 1, 0, 0, 1, 0, 0
1635345256930, 2.12, 1500, ARCX, 2.13, 100, ARCX, 2.13, 75, EDGX, 35194, 75286.1, 2.13918, 6600, 8, 100, 1, 1, 0, 0, 1, 0, 0
1635345256930, 2.12, 1500, XNAS, 2.14, 3000, ARCX, 2.13, 11, ARCX, 35205, 75309.6, 2.13917, 6600, 8, 6600, 6, 1, 0, 1, 0, 0, 0
1635345256930, 2.12, 1500, XNAS, 2.14, 3000, ARCX, 2.13, 25, EDGX, 35230, 75362.8, 2.13917, 6600, 8, 6600, 6, 1, 0, 1, 0, 0, 0
1635345256930, 2.13, 1400, MEMX, 2.14, 3000, ARCX, 2.13, 89, ARCX, 35319, 75552.4, 2.13914, 2200, 2, 6800, 5, 1, 0, 0, 0, 1, 0
1635345256931, 2.13, 1200, MEMX, 2.14, 3000, ARCX, 2.13, 100, XADF, 35419, 75765.4, 2.13912, 2100, 3, 7800, 5, 0, 1, 0, 0, 1, 0
1635345277366, 2.13, 500, MEMX, 2.14, 3200, ARCX, 2.1306, 5, XADF, 35424, 75776, 2.13912, 700, 3, 5200, 7, 1, 1, 0, 0, 1, 0
1635345414839, 2.13, 100, BATS, 2.14, 3200, ARCX, 2.13, 100, XNAS, 35524, 75989, 2.13909, 200, 2, 6400, 7, 0, 1, 0, 0, 1, 0
1635345414839, 2.13, 100, BATS, 2.14, 3200, ARCX, 2.13, 60, XNAS, 35584, 76116.8, 2.13907, 200, 2, 6400, 7, 1, 0, 0, 0, 1, 0
1635345414839, 2.13, 100, BATS, 2.14, 3200, ARCX, 2.13, 100, BATS, 35684, 76329.8, 2.13905, 200, 2, 6600, 7, 0, 0, 0, 0, 1, 0
1635345414839, 2.12, 1400, ARCX, 2.13, 600, XNAS, 2.13, 50, ARCX, 35734, 76436.3, 2.13904, 4900, 7, 1700, 4, 1, 0, 0, 1, 0, 0
1635345414839, 2.12, 1400, ARCX, 2.13, 600, XNAS, 2.13, 100, ARCX, 35834, 76649.3, 2.13901, 4900, 7, 1700, 4, 0, 1, 0, 1, 0, 0
1635345414842, 2.12, 1200, ARCX, 2.13, 900, MEMX, 2.1301, 100, XADF, 35934, 76862.4, 2.13899, 4800, 5, 2800, 5, 0, 1, 0, 1, 0, 1
1635345414842, 2.12, 1200, ARCX, 2.13, 900, MEMX, 2.1301, 100, XADF, 36034, 77075.4, 2.13896, 4800, 5, 2800, 5, 0, 1, 0, 1, 0, 1
1635345414842, 2.12, 1200, ARCX, 2.13, 1000, XNAS, 2.1301, 60, XADF, 36094, 77203.2, 2.13895, 4800, 5, 3200, 5, 1, 1, 0, 1, 0, 1
1635345414843, 2.12, 1200, ARCX, 2.13, 1500, XNAS, 2.1301, 50, XADF, 36144, 77309.7, 2.13894, 4800, 5, 3700, 5, 1, 1, 0, 1, 0, 1
1635345414843, 2.12, 1200, ARCX, 2.13, 1400, XNAS, 2.1301, 100, XADF, 36244, 77522.7, 2.13891, 4800, 5, 3600, 5, 0, 1, 0, 1, 0, 1
1635345606579, 2.12, 1200, ARCX, 2.13, 800, ARCX, 2.1293, 4, XADF, 36248, 77531.2, 2.13891, 2900, 5, 2200, 6, 1, 1, 0, 1, 0, 0
1635345772744, 2.12, 1200, ARCX, 2.13, 1500, IEXG, 2.13, 5, XADF, 36253, 77541.9, 2.13891, 2600, 4, 4400, 8, 1, 1, 0, 1, 0, 0
1635345772744, 2.12, 1200, ARCX, 2.13, 1500, IEXG, 2.1295, 5, XADF, 36258, 77552.5, 2.13891, 2600, 4, 4400, 8, 1, 1, 0, 1, 0, 0
1635345789339, 2.12, 1200, ARCX, 2.13, 1500, IEXG, 2.1201, 300, XADF, 36558, 78188.5, 2.13875, 2600, 4, 4400, 8, 0, 1, 0, 0, 1, 0
1635345804438, 2.12, 1200, ARCX, 2.13, 4100, ARCX, 2.1216, 11, XADF, 36569, 78211.9, 2.13875, 2600, 4, 7300, 8, 1, 1, 0, 0, 1, 0
1635345835917, 2.12, 1200, ARCX, 2.13, 4100, ARCX, 2.13, 500, XADF, 37069, 79276.9, 2.13863, 2600, 4, 7300, 8, 0, 1, 0, 1, 0, 0
1635345848937, 2.12, 1300, ARCX, 2.13, 4100, ARCX, 2.125, 65, XADF, 37134, 79415, 2.13861, 2700, 4, 7300, 8, 1, 1, 1, 0, 0, 0
1635345887735, 2.12, 1200, ARCX, 2.13, 4100, ARCX, 2.12, 100, MEMX, 37234, 79627, 2.13856, 2500, 4, 7200, 8, 0, 0, 0, 0, 1, 0
1635345916548, 2.12, 1000, XNAS, 2.13, 4100, ARCX, 2.12, 14, XADF, 37248, 79656.7, 2.13855, 1300, 3, 7400, 8, 1, 1, 0, 0, 1, 0
1635345918221, 2.12, 1000, XNAS, 2.13, 1500, IEXG, 2.12, 100, XNAS, 37348, 79868.7, 2.1385, 1300, 3, 4400, 8, 0, 0, 0, 0, 1, 0
1635345918221, 2.12, 1000, XNAS, 2.13, 1500, IEXG, 2.12, 300, XNAS, 37648, 80504.7, 2.13835, 1300, 3, 4400, 8, 0, 0, 0, 0, 1, 0
1635345918221, 2.12, 200, EDGX, 2.13, 1500, IEXG, 2.12, 150, XNAS, 37798, 80822.7, 2.13828, 300, 2, 4400, 8, 0, 1, 0, 0, 1, 0
1635345918221, 2.12, 200, EDGX, 2.13, 1500, IEXG, 2.12, 500, XNAS, 38298, 81882.7, 2.13804, 300, 2, 4400, 8, 0, 1, 0, 0, 1, 0
1635345918221, 2.12, 200, EDGX, 2.13, 1500, IEXG, 2.12, 64, XNAS, 38362, 82018.4, 2.13801, 300, 2, 4400, 8, 1, 0, 0, 0, 1, 0
1635345918221, 2.12, 100, ARCX, 2.13, 2000, XNAS, 2.12, 200, EDGX, 38562, 82442.4, 2.13792, 100, 1, 6400, 9, 0, 1, 0, 0, 1, 0
1635345918222, 2.12, 100, ARCX, 2.12, 1100, MEMX, 2.12, 5, XADF, 38567, 82453, 2.13791, 100, 1, 3400, 4, 1, 1, 1, 0, 0, 0
1635345918222, 2.11, 2000, BATS, 2.12, 1100, MEMX, 2.12, 5, ARCX, 38572, 82463.6, 2.13791, 3600, 4, 3400, 4, 1, 0, 0, 1, 0, 0
1635345918222, 2.11, 2000, BATS, 2.12, 1100, MEMX, 2.12, 187, ARCX, 38759, 82860, 2.13783, 3600, 4, 3400, 4, 0, 1, 0, 1, 0, 0
1635345918222, 2.11, 2000, BATS, 2.12, 1100, MEMX, 2.12, 5, ARCX, 38764, 82870.6, 2.13782, 3600, 4, 3400, 4, 1, 0, 0, 1, 0, 0
1635346020860, 2.11, 1000, EDGX, 2.12, 400, MEMX, 2.11, 18, XADF, 38782, 82908.6, 2.13781, 2300, 5, 900, 5, 1, 1, 0, 0, 1, 0
1635346068375, 2.11, 1000, EDGX, 2.12, 400, MEMX, 2.1195, 4, XADF, 38787, 82919.2, 2.13781, 2100, 4, 900, 5, 1, 1, 0, 1, 0, 0
1635346097027, 2.11, 1000, EDGX, 2.12, 400, MEMX, 2.11, 100, XADF, 38887, 83130.2, 2.13774, 2100, 4, 900, 5, 0, 1, 0, 0, 1, 0
1635346267958, 2.11, 1000, EDGX, 2.12, 500, MEMX, 2.115, 100, XADF, 38987, 83341.7, 2.13768, 1900, 3, 2200, 6, 0, 1, 1, 0, 0, 0
1635346270039, 2.11, 1400, EDGX, 2.12, 400, MEMX, 2.12, 61, IEXG, 39048, 83471, 2.13765, 5000, 6, 800, 4, 1, 0, 0, 1, 0, 0
1635346270039, 2.11, 1400, EDGX, 2.12, 400, MEMX, 2.12, 109, IEXG, 39157, 83702.1, 2.1376, 5000, 6, 600, 3, 0, 1, 0, 1, 0, 0
1635346286462, 2.11, 1200, EDGX, 2.12, 200, ARCX, 2.11, 100, XADF, 39257, 83913.1, 2.13753, 3800, 7, 300, 2, 0, 1, 0, 0, 1, 0
1635346343213, 2.11, 1000, EDGX, 2.12, 500, MEMX, 2.12, 100, XADF, 39357, 84125.1, 2.13749, 2200, 4, 1800, 6, 0, 1, 0, 1, 0, 0
1635346350672, 2.11, 1000, EDGX, 2.12, 500, MEMX, 2.1193, 472, XADF, 39829, 85125.4, 2.13727, 2200, 4, 1800, 6, 0, 1, 0, 1, 0, 0
1635346368439, 2.11, 1000, EDGX, 2.12, 500, MEMX, 2.1199, 660, XADF, 40489, 86524.5, 2.13699, 2600, 4, 1700, 6, 0, 1, 0, 1, 0, 0
1635346440883, 2.11, 1000, EDGX, 2.12, 600, XNAS, 2.11, 100, EDGA, 40589, 86735.5, 2.13692, 2900, 6, 1300, 4, 0, 1, 0, 0, 1, 0
1635346541312, 2.11, 1200, EDGX, 2.12, 600, XNAS, 2.115, 100, XADF, 40689, 86947, 2.13687, 3800, 7, 1100, 4, 0, 1, 1, 0, 0, 0
1635346557673, 2.11, 1200, EDGX, 2.12, 600, XNAS, 2.115, 2, XADF, 40691, 86951.2, 2.13687, 3800, 7, 1100, 4, 1, 1, 1, 0, 0, 0
1635346576627, 2.11, 1200, EDGX, 2.12, 600, XNAS, 2.115, 13, XADF, 40705, 86980.8, 2.13686, 3800, 7, 1100, 4, 1, 1, 1, 0, 0, 0
1635346576762, 2.11, 1200, EDGX, 2.12, 600, XNAS, 2.115, 150, XADF, 40855, 87298.1, 2.13678, 3800, 7, 1100, 4, 0, 1, 1, 0, 0, 0
1635346580557, 2.11, 1200, EDGX, 2.12, 600, XNAS, 2.12, 1, XADF, 40856, 87300.2, 2.13678, 3800, 7, 1100, 4, 1, 1, 0, 1, 0, 0
1635346604803, 2.11, 1200, EDGX, 2.12, 600, XNAS, 2.11, 100, XADF, 40956, 87511.2, 2.13671, 3600, 7, 1000, 4, 0, 1, 0, 0, 1, 0
1635346735827, 2.11, 1000, EDGX, 2.12, 600, XNAS, 2.115, 1, XNAS, 40957, 87513.3, 2.13671, 2300, 5, 2000, 6, 1, 0, 1, 0, 0, 0
1635346762147, 2.11, 1200, EDGX, 2.12, 500, XNAS, 2.12, 77, XNAS, 41034, 87676.6, 2.13668, 3000, 6, 1700, 5, 1, 0, 0, 1, 0, 0
1635346814048, 2.11, 1000, EDGX, 2.12, 600, XNAS, 2.115, 75, XADF, 41109, 87835.2, 2.13664, 3500, 8, 1100, 3, 1, 1, 1, 0, 0, 0
1635346945673, 2.11, 1400, EDGX, 2.12, 600, XNAS, 2.11, 200, XADF, 41309, 88257.2, 2.13651, 4100, 8, 1000, 2, 0, 1, 0, 0, 1, 0
1635346945673, 2.11, 1400, EDGX, 2.12, 600, XNAS, 2.115, 100, XADF, 41409, 88468.7, 2.13646, 4100, 8, 1000, 2, 0, 1, 1, 0, 0, 0
1635346962254, 2.11, 1400, EDGX, 2.12, 600, XNAS, 2.12, 5, XADF, 41414, 88479.3, 2.13646, 4100, 8, 1000, 2, 1, 1, 0, 1, 0, 0
1635346996010, 2.11, 1200, EDGX, 2.12, 600, XNAS, 2.115, 100, XNAS, 41514, 88690.8, 2.13641, 3300, 8, 800, 2, 0, 1, 1, 0, 0, 0
1635346996010, 2.11, 1200, EDGX, 2.12, 600, XNAS, 2.11, 1, XNAS, 41515, 88692.9, 2.13641, 3300, 8, 800, 2, 1, 0, 0, 0, 1, 0
1635346996010, 2.11, 1200, EDGX, 2.12, 600, XNAS, 2.11, 50, XNAS, 41565, 88798.4, 2.13637, 3300, 8, 800, 2, 1, 0, 0, 0, 1, 0
1635346996010, 2.11, 1200, EDGX, 2.12, 600, XNAS, 2.11, 1, XNAS, 41566, 88800.5, 2.13637, 3200, 7, 800, 2, 1, 0, 0, 0, 1, 0
1635346996010, 2.11, 1200, EDGX, 2.12, 600, XNAS, 2.11, 248, XNAS, 41814, 89323.8, 2.13622, 3200, 7, 800, 2, 0, 1, 0, 0, 1, 0
1635346996010, 2.11, 1200, EDGX, 2.12, 600, XNAS, 2.11, 152, XNAS, 41966, 89644.5, 2.13612, 3200, 7, 800, 2, 0, 1, 0, 0, 1, 0
1635346996010, 2.11, 1200, EDGX, 2.12, 600, XNAS, 2.11, 348, XNAS, 42314, 90378.8, 2.13591, 3200, 7, 800, 2, 0, 1, 0, 0, 1, 0
1635346996011, 2.11, 1200, EDGX, 2.12, 500, XNAS, 2.12, 23, XNAS, 42337, 90427.6, 2.1359, 3400, 8, 700, 2, 1, 0, 0, 1, 0, 0
1635346996011, 2.11, 1200, EDGX, 2.12, 400, XNAS, 2.12, 500, XNAS, 42837, 91487.6, 2.13571, 3400, 8, 600, 2, 0, 0, 0, 1, 0, 0
1635346996011, 2.11, 1200, EDGX, 2.12, 200, MEMX, 2.12, 100, XNAS, 42937, 91699.6, 2.13568, 3400, 8, 400, 2, 0, 0, 0, 1, 0, 0
1635346996011, 2.11, 1200, EDGX, 2.12, 200, MEMX, 2.12, 152, XNAS, 43089, 92021.8, 2.13562, 3400, 8, 400, 2, 0, 0, 0, 1, 0, 0
1635346996011, 2.11, 1000, EDGX, 2.12, 1000, BATS, 2.11, 100, EDGA, 43189, 92232.8, 2.13556, 2900, 7, 2700, 4, 0, 1, 0, 0, 1, 0
1635346996011, 2.11, 500, ARCX, 2.12, 1200, XNAS, 2.11, 1000, EDGX, 44189, 94342.8, 2.13498, 1800, 6, 2500, 4, 0, 1, 0, 0, 1, 0
1635346996011, 2.11, 500, ARCX, 2.12, 1200, XNAS, 2.11, 1, EDGX, 44190, 94344.9, 2.13498, 1800, 6, 2700, 4, 1, 0, 0, 0, 1, 0
1635346996011, 2.11, 500, ARCX, 2.12, 700, XNAS, 2.11, 100, BATS, 44290, 94555.9, 2.13493, 1600, 4, 1900, 4, 0, 1, 0, 0, 1, 0
1635346996011, 2.11, 500, ARCX, 2.12, 700, XNAS, 2.12, 400, BATS, 44690, 95403.9, 2.13479, 1600, 4, 1900, 4, 0, 0, 0, 1, 0, 0
1635346996011, 2.11, 700, XNAS, 2.12, 1200, MEMX, 2.12, 100, EDGX, 44790, 95615.9, 2.13476, 2200, 6, 4200, 6, 0, 0, 0, 1, 0, 0
1635346996011, 2.11, 700, XNAS, 2.12, 1200, MEMX, 2.12, 140, EDGX, 44930, 95912.7, 2.13471, 2200, 6, 4200, 6, 0, 0, 0, 1, 0, 0
1635346996011, 2.11, 700, XNAS, 2.12, 800, XNAS, 2.12, 200, MEMX, 45130, 96336.7, 2.13465, 2200, 6, 3700, 6, 0, 0, 0, 1, 0, 0
1635346996011, 2.11, 700, XNAS, 2.12, 800, XNAS, 2.12, 200, MEMX, 45330, 96760.7, 2.13458, 2200, 6, 3700, 6, 0, 0, 0, 1, 0, 0
1635346996011, 2.11, 700, XNAS, 2.12, 800, XNAS, 2.12, 100, MEMX, 45430, 96972.7, 2.13455, 2200, 6, 3700, 6, 0, 0, 0, 1, 0, 0
1635346996011, 2.11, 900, BATS, 2.12, 900, EDGX, 2.12, 163, MEMX, 45593, 97318.3, 2.1345, 1900, 4, 3900, 7, 0, 0, 0, 1, 0, 0
1635346996011, 2.11, 900, BATS, 2.12, 900, EDGX, 2.12, 400, MEMX, 45993, 98166.3, 2.13437, 1900, 4, 3900, 7, 0, 0, 0, 1, 0, 0
1635346996011, 2.11, 1600, EDGX, 2.12, 600, XPSX, 2.12, 100, BATS, 46093, 98378.3, 2.13434, 5100, 6, 1600, 4, 0, 1, 0, 1, 0, 0
1635346996011, 2.11, 1600, EDGX, 2.12, 600, XPSX, 2.12, 100, BATS, 46193, 98590.3, 2.13431, 5100, 6, 1600, 4, 0, 1, 0, 1, 0, 0
1635346996011, 2.11, 1900, EDGX, 2.12, 600, XPSX, 2.11, 230, ARCX, 46423, 99075.6, 2.13419, 4800, 7, 1600, 4, 0, 1, 0, 0, 1, 0
1635346996011, 2.11, 1900, EDGX, 2.12, 600, XPSX, 2.11, 100, ARCX, 46523, 99286.6, 2.13414, 4800, 7, 1600, 4, 0, 1, 0, 0, 1, 0
1635346996011, 2.11, 1200, EDGX, 2.12, 600, XPSX, 2.11, 45, EDGA, 46568, 99381.5, 2.13412, 4000, 6, 2000, 5, 1, 0, 0, 0, 1, 0
1635346996011, 2.11, 1200, MEMX, 2.12, 500, ARCX, 2.11, 669, XNAS, 47237, 100793, 2.13377, 3000, 6, 900, 3, 0, 0, 0, 0, 1, 0
1635346996011, 2.11, 1100, MEMX, 2.12, 800, BATS, 2.12, 200, ARCX, 47437, 101217, 2.13372, 2900, 7, 3700, 7, 0, 0, 0, 1, 0, 0
1635346996011, 2.11, 1100, MEMX, 2.12, 800, BATS, 2.12, 100, ARCX, 47537, 101429, 2.13369, 2900, 7, 3700, 7, 0, 0, 0, 1, 0, 0
1635346996011, 2.11, 1100, MEMX, 2.12, 800, BATS, 2.12, 64, ARCX, 47601, 101565, 2.13367, 2900, 7, 3700, 7, 1, 0, 0, 1, 0, 0
1635346996011, 2.11, 1100, MEMX, 2.12, 800, BATS, 2.12, 102, XNYS, 47703, 101781, 2.13364, 3200, 9, 3200, 7, 0, 0, 0, 1, 0, 0
1635346996011, 2.11, 1100, MEMX, 2.12, 800, BATS, 2.12, 100, XNAS, 47803, 101993, 2.13361, 3200, 9, 3200, 7, 0, 0, 0, 1, 0, 0
1635346996011, 2.11, 1100, MEMX, 2.12, 800, BATS, 2.12, 100, XNAS, 47903, 102205, 2.13358, 3200, 9, 3000, 7, 0, 0, 0, 1, 0, 0
1635346996011, 2.11, 1100, MEMX, 2.12, 800, BATS, 2.12, 100, XNAS, 48003, 102417, 2.13355, 3200, 9, 3000, 7, 0, 0, 0, 1, 0, 0
1635346996012, 2.11, 1300, EDGX, 2.12, 200, XNYS, 2.12, 100, XNAS, 48103, 102629, 2.13353, 4700, 9, 200, 1, 0, 1, 0, 1, 0, 0
1635346996012, 2.11, 1300, EDGX, 2.12, 200, XNYS, 2.12, 100, XNAS, 48203, 102841, 2.1335, 4600, 8, 300, 2, 0, 0, 0, 1, 0, 0
1635346996012, 2.11, 1300, EDGX, 2.12, 200, XNYS, 2.12, 100, XNAS, 48303, 103053, 2.13347, 4900, 9, 200, 1, 0, 1, 0, 1, 0, 0
1635346996012, 2.11, 1300, EDGX, 2.12, 200, XNYS, 2.12, 100, XNAS, 48403, 103265, 2.13344, 4800, 9, 200, 1, 0, 1, 0, 1, 0, 0
1635346996012, 2.11, 1400, EDGX, 2.13, 2400, BATS, 2.12, 200, XNYS, 48603, 103689, 2.13339, 5000, 9, 5200, 6, 0, 1, 1, 0, 0, 0
1635346996012, 2.12, 200, BATS, 2.13, 2400, BATS, 2.12, 100, XNAS, 48703, 103901, 2.13336, 200, 1, 5300, 7, 0, 1, 0, 0, 1, 0
1635346996039, 2.12, 600, MEMX, 2.13, 1400, XNAS, 2.12, 100, XADF, 48803, 104113, 2.13333, 1000, 3, 5400, 8, 0, 1, 0, 0, 1, 0
1635346996402, 2.12, 500, MEMX, 2.13, 1400, XNAS, 2.12, 5, XADF, 48808, 104124, 2.13333, 900, 3, 5400, 8, 1, 1, 0, 0, 1, 0
1635346996522, 2.12, 500, MEMX, 2.13, 1000, MEMX, 2.12, 100, BATS, 48908, 104336, 2.1333, 700, 3, 4900, 8, 0, 0, 0, 0, 1, 0
1635346999590, 2.12, 500, MEMX, 2.13, 1000, MEMX, 2.125, 300, IEXG, 49208, 104973, 2.13325, 700, 3, 4700, 8, 0, 1, 1, 0, 0, 0
1635346999590, 2.12, 500, MEMX, 2.13, 1000, MEMX, 2.125, 1000, IEXG, 50208, 107098, 2.13309, 700, 3, 4700, 8, 0, 1, 1, 0, 0, 0
1635346999591, 2.12, 500, MEMX, 2.13, 1000, MEMX, 2.125, 100, XNAS, 50308, 107311, 2.13307, 700, 3, 4700, 8, 0, 1, 1, 0, 0, 0
1635346999591, 2.12, 500, MEMX, 2.13, 1000, MEMX, 2.125, 100, EDGX, 50408, 107523, 2.13306, 700, 3, 4700, 8, 0, 1, 1, 0, 0, 0
1635346999591, 2.12, 500, MEMX, 2.13, 1000, MEMX, 2.125, 200, EDGX, 50608, 107948, 2.13302, 700, 3, 4700, 8, 0, 1, 1, 0, 0, 0
1635346999591, 2.12, 500, MEMX, 2.13, 1000, MEMX, 2.125, 400, XNAS, 51008, 108798, 2.13296, 700, 3, 4700, 8, 0, 1, 1, 0, 0, 0
1635346999592, 2.12, 500, MEMX, 2.13, 1000, MEMX, 2.125, 500, XNAS, 51508, 109861, 2.13288, 700, 3, 4500, 8, 0, 1, 1, 0, 0, 0
1635346999592, 2.12, 500, MEMX, 2.13, 1000, MEMX, 2.125, 100, XADF, 51608, 110073, 2.13287, 700, 3, 4500, 8, 0, 1, 1, 0, 0, 0
1635346999594, 2.12, 500, MEMX, 2.13, 700, ARCX, 2.125, 200, XADF, 51808, 110498, 2.13284, 700, 3, 2200, 5, 0, 1, 1, 0, 0, 0
1635346999602, 2.12, 1500, EDGX, 2.13, 500, ARCX, 2.12, 40, XADF, 51848, 110583, 2.13283, 5700, 8, 1500, 4, 1, 1, 0, 0, 1, 0
1635346999603, 2.12, 1500, EDGX, 2.13, 500, ARCX, 2.1202, 40, XADF, 51888, 110668, 2.13282, 5700, 8, 1500, 4, 1, 1, 0, 0, 1, 0
1635347037090, 2.12, 400, MEMX, 2.13, 900, ARCX, 2.13, 500, XADF, 52388, 111733, 2.13279, 1900, 7, 1800, 4, 0, 1, 0, 1, 0, 0
1635347073282, 2.12, 600, EDGX, 2.13, 400, ARCX, 2.12, 6, XADF, 52394, 111745, 2.13279, 2600, 7, 1300, 4, 1, 1, 0, 0, 1, 0
1635347324717, 2.12, 600, EDGX, 2.13, 600, ARCX, 2.13, 85, XADF, 52479, 111927, 2.13279, 2800, 7, 1900, 4, 1, 1, 0, 1, 0, 0
1635347324717, 2.12, 600, EDGX, 2.13, 600, ARCX, 2.1298, 85, XADF, 52564, 112108, 2.13278, 2800, 7, 1900, 4, 1, 1, 0, 1, 0, 0
1635347324721, 2.12, 600, EDGX, 2.13, 600, ARCX, 2.125, 100, XNAS, 52664, 112320, 2.13277, 2800, 7, 1900, 4, 0, 1, 1, 0, 0, 0
1635347324731, 2.12, 600, EDGX, 2.13, 600, ARCX, 2.125, 100, XNAS, 52764, 112533, 2.13275, 2800, 7, 1600, 4, 0, 1, 1, 0, 0, 0
1635347324731, 2.12, 600, EDGX, 2.13, 600, ARCX, 2.13, 300, XNAS, 53064, 113172, 2.13274, 2800, 7, 1500, 3, 0, 1, 0, 1, 0, 0
1635347324731, 2.12, 600, EDGX, 2.13, 600, ARCX, 2.13, 6, XNAS, 53070, 113184, 2.13274, 2800, 7, 1500, 3, 1, 0, 0, 1, 0, 0
1635347324731, 2.12, 600, EDGX, 2.13, 600, ARCX, 2.13, 100, XNAS, 53170, 113397, 2.13273, 2800, 7, 1500, 3, 0, 1, 0, 1, 0, 0
1635347324731, 2.12, 600, EDGX, 2.13, 600, ARCX, 2.13, 200, XNAS, 53370, 113823, 2.13272, 2800, 7, 1500, 3, 0, 1, 0, 1, 0, 0
1635347324731, 2.12, 800, XNAS, 2.13, 600, ARCX, 2.13, 100, BATS, 53470, 114036, 2.13272, 3200, 7, 1500, 3, 0, 0, 0, 1, 0, 0
1635347324731, 2.12, 1500, XNAS, 2.13, 600, ARCX, 2.13, 200, MEMX, 53670, 114462, 2.13271, 4400, 8, 1000, 2, 0, 1, 0, 1, 0, 0
1635347324731, 2.12, 1500, XNAS, 2.13, 600, ARCX, 2.13, 200, MEMX, 53870, 114888, 2.1327, 4400, 8, 1000, 2, 0, 1, 0, 1, 0, 0
1635347324731, 2.12, 1500, XNAS, 2.13, 600, ARCX, 2.13, 200, BATS, 54070, 115314, 2.13269, 4400, 8, 1000, 2, 0, 0, 0, 1, 0, 0
1635347324731, 2.12, 1500, XNAS, 2.13, 600, ARCX, 2.13, 100, BATS, 54170, 115527, 2.13268, 4400, 8, 1000, 2, 0, 0, 0, 1, 0, 0
1635347324731, 2.12, 1500, XNAS, 2.13, 600, ARCX, 2.13, 100, BATS, 54270, 115740, 2.13268, 4400, 8, 600, 1, 0, 1, 0, 1, 0, 0
1635347324731, 2.13, 400, XNAS, 2.13, 600, ARCX, 2.13, 200, ARCX, 54471, 116168, 2.13267, 400, 1, 600, 1, 0, 0, 1, 0, 0, 0
1635347324731, 2.13, 400, XNAS, 2.13, 600, ARCX, 2.13, 100, ARCX, 54571, 116381, 2.13266, 400, 1, 600, 1, 0, 0, 1, 0, 0, 0
1635347324731, 2.13, 400, XNAS, 2.14, 2200, BATS, 2.13, 100, ARCX, 54671, 116594, 2.13266, 400, 1, 4700, 7, 0, 1, 0, 0, 1, 0
1635347324731, 2.13, 400, XNAS, 2.14, 2200, BATS, 2.13, 200, ARCX, 54871, 117020, 2.13265, 400, 1, 4700, 7, 0, 1, 0, 0, 1, 0
1635347324733, 2.13, 1300, EDGX, 2.14, 1900, BATS, 2.1298, 1, XADF, 54875, 117029, 2.13265, 5300, 8, 3900, 5, 1, 1, 0, 0, 1, 1
1635347324733, 2.13, 1300, EDGX, 2.14, 1900, BATS, 2.1299, 3, XADF, 54878, 117035, 2.13265, 5300, 8, 3900, 5, 1, 1, 0, 0, 1, 1
1635347324733, 2.13, 1300, EDGX, 2.14, 1900, BATS, 2.1299, 100, XADF, 54978, 117248, 2.13264, 5200, 8, 3400, 5, 0, 1, 0, 0, 1, 1
1635347324733, 2.13, 1300, EDGX, 2.14, 1900, BATS, 2.1299, 200, XADF, 55178, 117674, 2.13263, 5200, 8, 3400, 5, 0, 1, 0, 0, 1, 1
1635347324734, 2.13, 1300, EDGX, 2.14, 1900, BATS, 2.1299, 200, XADF, 55378, 118100, 2.13262, 5200, 8, 3400, 5, 0, 1, 0, 0, 1, 1
1635347324734, 2.13, 1300, EDGX, 2.14, 1900, BATS, 2.1299, 200, XADF, 55578, 118526, 2.13261, 5200, 8, 3400, 5, 0, 1, 0, 0, 1, 1
1635347324734, 2.13, 1300, EDGX, 2.14, 1900, BATS, 2.1299, 100, XADF, 55678, 118739, 2.13261, 5200, 8, 3400, 5, 0, 1, 0, 0, 1, 1
1635347324734, 2.13, 1300, EDGX, 2.14, 1900, BATS, 2.1299, 100, XADF, 55778, 118952, 2.1326, 5300, 8, 2900, 4, 0, 1, 0, 0, 1, 1
1635347324735, 2.13, 1300, EDGX, 2.14, 1900, BATS, 2.1299, 300, XADF, 56078, 119591, 2.13259, 5400, 8, 2900, 4, 0, 1, 0, 0, 1, 1
1635347324735, 2.13, 1300, EDGX, 2.14, 1900, BATS, 2.1299, 6, XADF, 56084, 119604, 2.13259, 5400, 8, 2900, 4, 1, 1, 0, 0, 1, 1
1635347324735, 2.13, 1300, EDGX, 2.14, 1900, BATS, 2.1299, 100, XADF, 56184, 119817, 2.13258, 5400, 8, 2900, 4, 0, 1, 0, 0, 1, 1
1635347324735, 2.13, 1300, EDGX, 2.14, 1900, BATS, 2.1299, 200, XADF, 56384, 120243, 2.13257, 5400, 8, 2900, 4, 0, 1, 0, 0, 1, 1
1635347324736, 2.13, 1300, EDGX, 2.14, 1900, BATS, 2.1299, 200, XADF, 56584, 120669, 2.13256, 5400, 8, 2900, 4, 0, 1, 0, 0, 1, 1
1635347324736, 2.13, 1300, EDGX, 2.14, 1900, BATS, 2.1299, 100, XADF, 56684, 120882, 2.13256, 5400, 8, 2900, 4, 0, 1, 0, 0, 1, 1
1635347324736, 2.13, 1300, EDGX, 2.14, 1900, BATS, 2.1299, 100, XADF, 56784, 121095, 2.13255, 5400, 8, 2900, 4, 0, 1, 0, 0, 1, 1
1635347324736, 2.13, 1300, EDGX, 2.14, 1900, BATS, 2.1299, 200, XADF, 56984, 121521, 2.13254, 4600, 7, 2900, 4, 0, 1, 0, 0, 1, 1
1635347377762, 2.13, 6800, ARCX, 2.14, 200, MEMX, 2.14, 200, XNAS, 57184, 121949, 2.13257, 9800, 8, 300, 2, 0, 1, 0, 1, 0, 0
1635347377762, 2.13, 6800, ARCX, 2.14, 200, MEMX, 2.14, 200, XNAS, 57384, 122377, 2.1326, 9800, 8, 300, 2, 0, 1, 0, 1, 0, 0
1635347377762, 2.13, 6800, ARCX, 2.14, 200, MEMX, 2.14, 200, MEMX, 57584, 122805, 2.13262, 11600, 8, 300, 2, 0, 0, 0, 1, 0, 0
1635347377762, 2.13, 6800, ARCX, 2.15, 2700, XNAS, 2.14, 160, EDGX, 57744, 123147, 2.13264, 11700, 8, 6500, 7, 0, 1, 1, 0, 0, 0
1635347377762, 2.14, 1500, MEMX, 2.15, 2100, BATS, 2.14, 4, XADF, 57748, 123156, 2.13264, 4200, 5, 6400, 7, 1, 1, 0, 0, 1, 0
1635347377848, 2.14, 4500, EDGX, 2.15, 500, MEMX, 2.139, 118, XADF, 57866, 123408, 2.13266, 9200, 9, 500, 1, 0, 1, 0, 0, 1, 1
1635347407199, 2.14, 400, EDGX, 2.15, 1500, IEXG, 2.14, 100, XNAS, 57966, 123622, 2.13267, 800, 3, 5700, 8, 0, 1, 0, 0, 1, 0
1635347407199, 2.14, 300, MEMX, 2.15, 1500, IEXG, 2.14, 200, EDGX, 58166, 124050, 2.13269, 600, 3, 5700, 8, 0, 0, 0, 0, 1, 0
1635347407199, 2.14, 100, MEMX, 2.15, 1500, IEXG, 2.14, 205, EDGX, 58371, 124489, 2.13272, 200, 2, 6500, 8, 0, 1, 0, 0, 1, 0
1635347407199, 2.14, 100, MEMX, 2.15, 1700, XNAS, 2.14, 100, BATS, 58471, 124703, 2.13273, 100, 1, 6700, 8, 0, 1, 0, 0, 1, 0
1635347407199, 2.13, 6800, ARCX, 2.15, 1700, XNAS, 2.14, 100, MEMX, 58571, 124917, 2.13274, 9100, 8, 7700, 8, 0, 1, 1, 0, 0, 0
1635347407199, 2.13, 6800, ARCX, 2.14, 1100, MEMX, 2.14, 1, ARCX, 58572, 124919, 2.13274, 9800, 8, 3500, 4, 1, 0, 0, 1, 0, 0
1635347407199, 2.13, 6800, ARCX, 2.14, 1100, MEMX, 2.14, 44, ARCX, 58616, 125013, 2.13275, 9800, 8, 3500, 4, 1, 0, 0, 1, 0, 0
1635347407726, 2.13, 6800, ARCX, 2.15, 1200, IEXG, 2.14, 200, MEMX, 58816, 125441, 2.13277, 11100, 8, 5200, 8, 0, 1, 1, 0, 0, 0
1635347407726, 2.13, 6800, ARCX, 2.15, 1200, IEXG, 2.14, 200, MEMX, 59016, 125869, 2.1328, 11100, 8, 5200, 8, 0, 1, 1, 0, 0, 0
1635347407728, 2.14, 500, MEMX, 2.15, 1000, IEXG, 2.15, 3920, XADF, 62936, 134297, 2.13387, 500, 1, 3800, 8, 0, 1, 0, 1, 0, 0
1635347407760, 2.14, 500, MEMX, 2.15, 1000, IEXG, 2.139, 100, XADF, 63036, 134511, 2.13388, 500, 1, 4300, 8, 0, 1, 0, 0, 1, 1
1635347407760, 2.14, 500, MEMX, 2.15, 1000, IEXG, 2.139, 2, XADF, 63038, 134515, 2.13388, 500, 1, 4300, 8, 1, 1, 0, 0, 1, 1
1635347422949, 2.13, 1100, MEMX, 2.15, 1200, IEXG, 2.1499, 978, XADF, 64016, 136618, 2.13412, 3200, 7, 3000, 7, 0, 1, 0, 1, 0, 0
1635347422950, 2.13, 1100, MEMX, 2.15, 1200, IEXG, 2.1499, 5627, XADF, 69643, 148716, 2.1354, 3200, 7, 3000, 7, 0, 1, 0, 1, 0, 0
1635347454596, 2.14, 200, MEMX, 2.15, 1000, IEXG, 2.1499, 8000, XADF, 77643, 165915, 2.13689, 200, 1, 2800, 7, 0, 1, 0, 1, 0, 0
1635347474737, 2.14, 400, MEMX, 2.15, 1000, IEXG, 2.1427, 100, XADF, 77743, 166129, 2.1369, 600, 2, 2900, 6, 0, 1, 0, 0, 1, 0
1635347588442, 2.14, 400, MEMX, 2.15, 1000, IEXG, 2.1472, 300, XADF, 78043, 166773, 2.13694, 400, 1, 3300, 7, 0, 1, 0, 1, 0, 0
1635347694880, 2.14, 1600, MEMX, 2.15, 500, MEMX, 2.14, 200, XADF, 78243, 167201, 2.13695, 2600, 5, 1100, 4, 0, 1, 0, 0, 1, 0
1635347712106, 2.14, 400, MEMX, 2.15, 600, ARCX, 2.1438, 1500, XADF, 79743, 170417, 2.13708, 400, 1, 2800, 7, 0, 1, 0, 0, 1, 0
1635347918563, 2.14, 100, MEMX, 2.15, 600, MEMX, 2.14, 100, MEMX, 79843, 170631, 2.13708, 100, 1, 3000, 7, 0, 0, 0, 0, 1, 0
1635347923688, 2.13, 1100, MEMX, 2.15, 600, XNAS, 2.14, 50, XNAS, 79893, 170738, 2.13708, 3100, 8, 3700, 8, 1, 0, 1, 0, 0, 0
1635347923689, 2.13, 1100, MEMX, 2.14, 400, MEMX, 2.14, 2, ARCX, 79895, 170742, 2.13708, 3700, 8, 400, 1, 1, 0, 0, 1, 0, 0
1635347923690, 2.13, 1100, MEMX, 2.14, 200, MEMX, 2.14, 5, XADF, 79900, 170753, 2.13708, 4300, 8, 400, 2, 1, 1, 0, 1, 0, 0
1635347930710, 2.13, 500, MEMX, 2.14, 1200, ARCX, 2.13, 34, XADF, 79934, 170825, 2.13708, 1000, 4, 2600, 5, 1, 1, 0, 0, 1, 0
1635347945895, 2.13, 500, MEMX, 2.14, 1200, ARCX, 2.14, 2000, XADF, 81934, 175105, 2.13715, 1000, 4, 2800, 6, 0, 1, 0, 1, 0, 0
1635347960749, 2.13, 500, MEMX, 2.14, 1200, ARCX, 2.13, 100, XPSX, 82034, 175318, 2.13714, 1000, 4, 2800, 6, 0, 0, 0, 0, 1, 0
1635348011896, 2.13, 2300, ARCX, 2.14, 600, BATS, 2.13, 100, XADF, 82134, 175531, 2.13713, 4800, 7, 1900, 5, 0, 1, 0, 0, 1, 0
1635348025601, 2.13, 2300, ARCX, 2.14, 500, MEMX, 2.135, 40, XADF, 82174, 175617, 2.13713, 4800, 7, 1800, 5, 1, 1, 1, 0, 0, 0
1635348041613, 2.13, 2300, ARCX, 2.14, 500, MEMX, 2.13, 100, XADF, 82274, 175830, 2.13712, 4200, 7, 1800, 5, 0, 1, 0, 0, 1, 0
1635348089846, 2.13, 2200, ARCX, 2.14, 500, ARCX, 2.13, 100, XADF, 82374, 176043, 2.13711, 3900, 7, 900, 4, 0, 1, 0, 0, 1, 0
1635348105132, 2.13, 2200, ARCX, 2.14, 500, MEMX, 2.13, 195, XADF, 82569, 176458, 2.1371, 3900, 7, 1200, 5, 0, 1, 0, 0, 1, 0
1635348133964, 2.13, 2200, ARCX, 2.14, 400, ARCX, 2.13, 100, EDGA, 82669, 176671, 2.13709, 3400, 6, 1100, 5, 0, 1, 0, 0, 1, 0
1635348174621, 2.13, 2000, ARCX, 2.14, 600, ARCX, 2.13, 1, XADF, 82670, 176673, 2.13709, 2500, 3, 2100, 7, 1, 1, 0, 0, 1, 0
1635348181447, 2.13, 2000, ARCX, 2.14, 600, ARCX, 2.13, 10, MEMX, 82680, 176694, 2.13709, 2500, 3, 2600, 7, 1, 0, 0, 0, 1, 0
1635348181447, 2.13, 2000, ARCX, 2.14, 600, ARCX, 2.13, 5, MEMX, 82685, 176705, 2.13709, 2400, 3, 2600, 7, 1, 0, 0, 0, 1, 0
1635348181447, 2.13, 2000, ARCX, 2.14, 600, ARCX, 2.13, 85, MEMX, 82770, 176886, 2.13708, 2400, 3, 2600, 7, 1, 0, 0, 0, 1, 0
1635348237110, 2.13, 2000, ARCX, 2.14, 400, ARCX, 2.13, 100, MEMX, 82870, 177099, 2.13707, 2300, 3, 1900, 7, 0, 0, 0, 0, 1, 0
1635348281903, 2.13, 2000, ARCX, 2.14, 500, MEMX, 2.13, 2, XADF, 82872, 177103, 2.13707, 2600, 4, 2000, 7, 1, 1, 0, 0, 1, 0
1635348293397, 2.13, 2000, ARCX, 2.14, 500, MEMX, 2.14, 10, XADF, 82882, 177125, 2.13707, 2600, 4, 2000, 7, 1, 1, 0, 1, 0, 0
1635348375201, 2.13, 2000, ARCX, 2.14, 500, BATS, 2.13, 15, MEMX, 82897, 177157, 2.13707, 2300, 4, 2000, 7, 1, 0, 0, 0, 1, 0
1635348375201, 2.13, 2000, ARCX, 2.14, 500, BATS, 2.13, 85, MEMX, 82982, 177338, 2.13706, 2300, 4, 2000, 7, 1, 0, 0, 0, 1, 0
1635348411973, 2.13, 2000, ARCX, 2.14, 500, BATS, 2.13, 100, XNAS, 83082, 177551, 2.13706, 2100, 2, 2300, 7, 0, 1, 0, 0, 1, 0
1635348411974, 2.13, 2000, ARCX, 2.13, 900, XNAS, 2.13, 2000, ARCX, 85182, 182024, 2.13688, 2000, 1, 900, 1, 0, 0, 1, 0, 0, 0
1635348411977, 2.12, 4700, EDGX, 2.13, 1400, IEXG, 2.12, 156, XADF, 85338, 182355, 2.13685, 8200, 6, 5700, 7, 0, 1, 0, 0, 1, 0
1635348419757, 2.12, 4700, EDGX, 2.13, 1400, IEXG, 2.13, 47, XADF, 85386, 182457, 2.13685, 6800, 7, 3600, 6, 1, 1, 0, 1, 0, 0
1635348483172, 2.12, 4800, EDGX, 2.13, 1400, IEXG, 2.12, 18, XADF, 85405, 182497, 2.13684, 6500, 7, 3200, 6, 1, 1, 0, 0, 1, 0
1635348543434, 2.12, 4800, EDGX, 2.13, 1400, IEXG, 2.12, 93, XADF, 85498, 182694, 2.13682, 6500, 7, 3000, 6, 1, 1, 0, 0, 1, 0
1635348556230, 2.12, 5000, EDGX, 2.13, 400, BATS, 2.12, 100, XADF, 85598, 182906, 2.13681, 8100, 7, 600, 3, 0, 1, 0, 0, 1, 0
1635348666421, 2.12, 4800, EDGX, 2.13, 1300, IEXG, 2.125, 25, XADF, 85623, 182959, 2.1368, 6600, 6, 3400, 5, 1, 1, 1, 0, 0, 0
1635348678488, 2.12, 4800, EDGX, 2.13, 1300, IEXG, 2.12, 45, XADF, 85668, 183055, 2.13679, 6600, 6, 3400, 5, 1, 1, 0, 0, 1, 0
1635348678490, 2.12, 4800, EDGX, 2.13, 1300, IEXG, 2.1205, 45, XADF, 85713, 183150, 2.13678, 6600, 6, 3400, 5, 1, 1, 0, 0, 1, 0
1635348752493, 2.12, 4800, EDGX, 2.13, 1300, IEXG, 2.12, 100, EDGA, 85814, 183364, 2.13676, 6500, 5, 3400, 5, 0, 1, 0, 0, 1, 0
1635348805641, 2.12, 4800, EDGX, 2.13, 1300, IEXG, 2.125, 1, XADF, 85815, 183366, 2.13676, 6000, 4, 3500, 7, 1, 1, 1, 0, 0, 0
1635348856571, 2.12, 4800, EDGX, 2.13, 1300, IEXG, 2.1205, 4, XADF, 85819, 183375, 2.13676, 6000, 4, 3500, 7, 1, 1, 0, 0, 1, 0
1635348893790, 2.12, 4800, EDGX, 2.13, 1500, IEXG, 2.1201, 1, XADF, 85821, 183379, 2.13676, 5800, 4, 3700, 7, 1, 1, 0, 0, 1, 0
1635348911778, 2.12, 4800, EDGX, 2.13, 1500, IEXG, 2.12, 300, XNAS, 86121, 184015, 2.1367, 5500, 3, 4000, 7, 0, 1, 0, 0, 1, 0
1635348911779, 2.12, 4800, EDGX, 2.13, 1500, IEXG, 2.12, 10, EDGX, 86131, 184036, 2.1367, 5500, 3, 5400, 8, 1, 0, 0, 0, 1, 0
1635348911779, 2.12, 600, MEMX, 2.13, 1800, XNAS, 2.12, 4500, EDGX, 90631, 193576, 2.13587, 700, 2, 5900, 8, 0, 0, 0, 0, 1, 0
1635348911779, 2.12, 600, MEMX, 2.13, 1800, XNAS, 2.12, 200, EDGX, 90831, 194000, 2.13584, 700, 2, 6100, 8, 0, 0, 0, 0, 1, 0
1635348911779, 2.12, 600, MEMX, 2.13, 1800, XNAS, 2.12, 1, EDGX, 90832, 194002, 2.13584, 700, 2, 6100, 8, 1, 0, 0, 0, 1, 0
1635348911779, 2.12, 600, MEMX, 2.13, 1800, XNAS, 2.12, 100, EDGX, 90932, 194214, 2.13582, 600, 1, 6100, 8, 0, 1, 0, 0, 1, 0
1635348911779, 2.12, 600, MEMX, 2.13, 1800, XNAS, 2.12, 100, MEMX, 91032, 194426, 2.1358, 600, 1, 6100, 8, 0, 0, 0, 0, 1, 0
1635348911779, 2.12, 600, MEMX, 2.13, 1800, XNAS, 2.12, 100, MEMX, 91132, 194638, 2.13579, 600, 1, 6100, 8, 0, 0, 0, 0, 1, 0
1635348911779, 2.12, 600, MEMX, 2.13, 1800, XNAS, 2.12, 200, MEMX, 91332, 195062, 2.13575, 600, 1, 6100, 8, 0, 0, 0, 0, 1, 0
1635348911781, 2.11, 2200, BATS, 2.12, 1100, XNAS, 2.12, 4, XADF, 91336, 195071, 2.13575, 6200, 6, 4800, 7, 1, 1, 0, 1, 0, 0
1635348911885, 2.11, 1200, EDGX, 2.12, 1200, MEMX, 2.11, 100, EDGX, 91436, 195282, 2.13572, 2400, 5, 4600, 8, 0, 0, 0, 0, 1, 0
1635348937672, 2.11, 900, EDGX, 2.12, 1100, MEMX, 2.11, 100, MEMX, 91536, 195493, 2.13569, 1500, 5, 3900, 7, 0, 0, 0, 0, 1, 0
1635348938645, 2.11, 800, EDGX, 2.12, 1200, MEMX, 2.11, 95, EDGX, 91631, 195693, 2.13567, 1300, 5, 4000, 7, 1, 0, 0, 0, 1, 0
1635348938645, 2.11, 800, EDGX, 2.12, 1200, MEMX, 2.11, 5, MEMX, 91636, 195704, 2.13567, 1200, 4, 4500, 8, 1, 0, 0, 0, 1, 0
1635348938645, 2.11, 800, EDGX, 2.12, 1200, MEMX, 2.11, 100, MEMX, 91736, 195915, 2.13564, 1200, 4, 4500, 8, 0, 1, 0, 0, 1, 0
1635348938647, 2.11, 800, EDGX, 2.12, 1400, XNAS, 2.1105, 47, XADF, 91783, 196014, 2.13563, 1400, 5, 5300, 8, 1, 1, 0, 0, 1, 0
1635348973575, 2.11, 800, EDGX, 2.12, 1200, MEMX, 2.1193, 1000, XADF, 92784, 198136, 2.13545, 1400, 5, 4300, 7, 0, 1, 0, 1, 0, 0
1635349035101, 2.11, 1300, EDGX, 2.12, 400, XNAS, 2.1195, 5, XADF, 92789, 198146, 2.13545, 4000, 8, 900, 3, 1, 1, 0, 1, 0, 0
1635349046144, 2.11, 1300, EDGX, 2.12, 400, XNAS, 2.12, 2, XADF, 92791, 198150, 2.13545, 3900, 8, 900, 3, 1, 1, 0, 1, 0, 0
1635349117811, 2.11, 1300, EDGX, 2.12, 400, XNAS, 2.1192, 100, XADF, 92891, 198362, 2.13543, 3900, 8, 900, 3, 0, 1, 0, 1, 0, 0
1635349134531, 2.11, 1300, EDGX, 2.12, 400, XNAS, 2.11, 100, EDGA, 92991, 198573, 2.1354, 3800, 7, 900, 3, 0, 1, 0, 0, 1, 0
1635349172963, 2.11, 1200, EDGX, 2.12, 800, XNAS, 2.1193, 18, XADF, 93009, 198611, 2.1354, 3500, 7, 1300, 3, 1, 1, 0, 1, 0, 0
1635349210321, 2.11, 1200, EDGX, 2.12, 800, XNAS, 2.1125, 300, XADF, 93309, 199245, 2.13533, 3500, 7, 1300, 3, 0, 1, 0, 0, 1, 0
1635349234010, 2.11, 1200, EDGX, 2.12, 400, XNAS, 2.115, 300, XADF, 93609, 199880, 2.13526, 3700, 8, 900, 3, 0, 1, 1, 0, 0, 0
1635349282092, 2.11, 1200, EDGX, 2.12, 400, XNAS, 2.113, 100, XADF, 93709, 200091, 2.13524, 4000, 8, 900, 3, 0, 1, 0, 0, 1, 0
1635349321575, 2.11, 1200, EDGX, 2.12, 400, XNAS, 2.11, 100, XADF, 93809, 200302, 2.13521, 4000, 8, 900, 3, 0, 1, 0, 0, 1, 0
1635349342447, 2.11, 1200, EDGX, 2.12, 400, XNAS, 2.1195, 5, XADF, 93814, 200313, 2.13521, 4000, 8, 900, 3, 1, 1, 0, 1, 0, 0
1635349413809, 2.11, 1200, EDGX, 2.12, 400, XNAS, 2.1116, 12, XADF, 93826, 200338, 2.13521, 4300, 8, 900, 3, 1, 1, 0, 0, 1, 0
1635349416892, 2.11, 1200, EDGX, 2.12, 400, XNAS, 2.115, 10, XADF, 93836, 200359, 2.13521, 4300, 8, 900, 3, 1, 1, 1, 0, 0, 0
1635349436060, 2.11, 1200, EDGX, 2.12, 400, XNAS, 2.115, 2, XADF, 93838, 200363, 2.1352, 4300, 8, 900, 3, 1, 1, 1, 0, 0, 0
1635349469896, 2.11, 1200, EDGX, 2.12, 400, XNAS, 2.115, 300, XADF, 94138, 200998, 2.13514, 4300, 8, 700, 3, 0, 1, 1, 0, 0, 0
1635349516762, 2.11, 1200, EDGX, 2.12, 400, XNAS, 2.11, 100, EDGA, 94238, 201209, 2.13511, 4200, 7, 700, 3, 0, 1, 0, 0, 1, 0
1635349562312, 2.11, 1200, EDGX, 2.12, 800, XNAS, 2.11, 30, XADF, 94268, 201272, 2.13511, 4300, 8, 1400, 3, 1, 1, 0, 0, 1, 0
1635349685495, 2.11, 1200, EDGX, 2.12, 400, XNAS, 2.1199, 4, XADF, 94272, 201281, 2.13511, 4200, 7, 900, 3, 1, 1, 0, 1, 0, 0
1635349726220, 2.11, 1200, EDGX, 2.12, 400, XNAS, 2.11, 100, EDGA, 94372, 201492, 2.13508, 4100, 6, 900, 3, 0, 1, 0, 0, 1, 0
1635349836318, 2.11, 1000, MEMX, 2.12, 800, XNAS, 2.11, 100, XADF, 94472, 201703, 2.13505, 2300, 5, 2900, 7, 0, 1, 0, 0, 1, 0
1635349836320, 2.11, 900, MEMX, 2.12, 800, XNAS, 2.11, 50, MEMX, 94522, 201808, 2.13504, 2200, 5, 2900, 7, 1, 0, 0, 0, 1, 0
1635349918941, 2.11, 800, EDGX, 2.12, 600, MEMX, 2.11, 100, MEMX, 94622, 202019, 2.13501, 1600, 5, 2600, 7, 0, 0, 0, 0, 1, 0
1635349918941, 2.11, 800, EDGX, 2.12, 600, MEMX, 2.11, 400, XADF, 95022, 202863, 2.13491, 1200, 4, 3200, 8, 0, 1, 0, 0, 1, 0
1635350088013, 2.11, 1600, EDGX, 2.12, 400, MEMX, 2.11, 2, XADF, 95024, 202867, 2.13491, 4600, 7, 800, 4, 1, 1, 0, 0, 1, 0
1635350124890, 2.11, 1000, EDGX, 2.12, 400, MEMX, 2.11, 100, EDGA, 95125, 203080, 2.13488, 3400, 6, 800, 4, 0, 1, 0, 0, 1, 0
1635350170840, 2.11, 800, EDGX, 2.12, 600, XNAS, 2.12, 46, XADF, 95171, 203178, 2.13487, 2400, 5, 2200, 7, 1, 1, 0, 1, 0, 0
1635350327263, 2.11, 800, EDGX, 2.12, 400, MEMX, 2.11, 10, MEMX, 95181, 203199, 2.13487, 2500, 5, 800, 4, 1, 0, 0, 0, 1, 0
1635350327263, 2.11, 800, EDGX, 2.12, 400, MEMX, 2.11, 90, MEMX, 95271, 203389, 2.13485, 2500, 5, 800, 4, 1, 0, 0, 0, 1, 0
1635350351094, 2.11, 800, EDGX, 2.12, 600, XNAS, 2.115, 100, XNAS, 95371, 203600, 2.13483, 1600, 5, 2900, 7, 0, 1, 1, 0, 0, 0
1635350351096, 2.11, 800, EDGX, 2.12, 600, XNAS, 2.119, 200, XBOS, 95571, 204024, 2.13479, 1600, 5, 2900, 7, 0, 1, 0, 1, 0, 0
1635350351099, 2.11, 1600, EDGX, 2.12, 400, MEMX, 2.1199, 4000, XADF, 99571, 212504, 2.13419, 5500, 8, 900, 5, 0, 1, 0, 1, 0, 0
1635350351100, 2.11, 1600, EDGX, 2.12, 200, XNAS, 2.12, 200, MEMX, 99771, 212928, 2.13417, 5500, 8, 500, 4, 0, 1, 0, 1, 0, 0
1635350351100, 2.11, 1600, EDGX, 2.12, 200, XNAS, 2.12, 4000, XADF, 103771, 221408, 2.13362, 5500, 8, 500, 4, 0, 1, 0, 1, 0, 0
1635350351100, 2.11, 1600, EDGX, 2.12, 200, XNAS, 2.115, 100, XNAS, 103871, 221619, 2.1336, 5500, 8, 500, 4, 0, 1, 1, 0, 0, 0
1635350351101, 2.11, 1600, EDGX, 2.12, 200, XNAS, 2.12, 100, EDGX, 103971, 221831, 2.13359, 6300, 8, 400, 3, 0, 1, 0, 1, 0, 0
1635350351101, 2.11, 1600, EDGX, 2.12, 200, XNAS, 2.12, 100, BATS, 104071, 222043, 2.13358, 6300, 8, 300, 2, 0, 1, 0, 1, 0, 0
1635350351101, 2.11, 1600, EDGX, 2.12, 100, ARCX, 2.12, 4, XNAS, 104075, 222052, 2.13358, 6300, 8, 200, 2, 1, 0, 0, 1, 0, 0
1635350351101, 2.11, 1600, EDGX, 2.12, 100, ARCX, 2.12, 100, XNAS, 104175, 222264, 2.13356, 6300, 8, 100, 1, 0, 1, 0, 1, 0, 0
1635350351101, 2.11, 1600, EDGX, 2.12, 100, ARCX, 2.12, 100, XNAS, 104275, 222476, 2.13355, 6300, 8, 100, 1, 0, 1, 0, 1, 0, 0
1635350351101, 2.12, 100, XNAS, 2.12, 100, ARCX, 2.12, 100, EDGX, 104375, 222688, 2.13354, 100, 1, 200, 2, 0, 0, 1, 0, 0, 0
1635350351101, 2.12, 100, XNAS, 2.12, 100, ARCX, 2.12, 50, EDGX, 104425, 222794, 2.13353, 100, 1, 100, 1, 1, 0, 1, 0, 0, 0
1635350351101, 2.12, 100, XNAS, 2.12, 100, ARCX, 2.12, 50, EDGX, 104475, 222900, 2.13352, 100, 1, 100, 1, 1, 0, 1, 0, 0, 0
1635350351101, 2.12, 100, XNAS, 2.13, 2200, BATS, 2.12, 100, ARCX, 104575, 223112, 2.13351, 100, 1, 5600, 7, 0, 1, 0, 0, 1, 0
1635350351103, 2.12, 1000, MEMX, 2.13, 2100, BATS, 2.115, 100, XADF, 104675, 223323, 2.13349, 3900, 7, 5000, 6, 0, 1, 0, 0, 1, 1
1635350351107, 2.12, 1000, MEMX, 2.13, 2100, BATS, 2.13, 4848, XADF, 109523, 233650, 2.13334, 3200, 6, 5000, 6, 0, 1, 0, 1, 0, 0
1635350351109, 2.12, 1000, MEMX, 2.13, 2100, BATS, 2.1291, 226, XADF, 109749, 234131, 2.13333, 3900, 7, 4100, 4, 0, 1, 0, 1, 0, 0
1635350351117, 2.12, 1100, MEMX, 2.13, 1200, XNAS, 2.13, 300, XNAS, 110049, 234770, 2.13332, 4000, 7, 2000, 4, 0, 0, 0, 1, 0, 0
1635350351117, 2.12, 1100, MEMX, 2.13, 400, MEMX, 2.13, 100, XNAS, 110149, 234983, 2.13332, 4000, 7, 800, 3, 0, 1, 0, 1, 0, 0
1635350351117, 2.12, 1100, MEMX, 2.13, 400, MEMX, 2.13, 800, XNAS, 110949, 236687, 2.13329, 4000, 7, 800, 3, 0, 1, 0, 1, 0, 0
1635350351117, 2.12, 1100, MEMX, 2.13, 400, MEMX, 2.13, 100, XNAS, 111049, 236900, 2.13329, 4600, 7, 900, 4, 0, 0, 0, 1, 0, 0
1635350351117, 2.12, 1100, MEMX, 2.13, 400, MEMX, 2.13, 100, BATS, 111149, 237113, 2.13329, 5200, 8, 800, 3, 0, 0, 0, 1, 0, 0
1635350351117, 2.12, 1100, MEMX, 2.13, 400, MEMX, 2.13, 100, BATS, 111249, 237326, 2.13328, 5200, 8, 700, 3, 0, 0, 0, 1, 0, 0
1635350351117, 2.12, 1100, XNAS, 2.13, 200, ARCX, 2.13, 200, MEMX, 111449, 237752, 2.13328, 5200, 8, 200, 1, 0, 1, 0, 1, 0, 0
1635350351117, 2.12, 1100, XNAS, 2.13, 200, ARCX, 2.13, 200, MEMX, 111649, 238178, 2.13327, 5200, 8, 200, 1, 0, 1, 0, 1, 0, 0
1635350351117, 2.12, 1100, XNAS, 2.14, 2900, XNAS, 2.13, 100, ARCX, 111749, 238391, 2.13327, 5400, 8, 10700, 7, 0, 1, 1, 0, 0, 0
1635350351117, 2.12, 1100, XNAS, 2.14, 2900, XNAS, 2.13, 100, ARCX, 111849, 238604, 2.13327, 5400, 8, 10700, 7, 0, 1, 1, 0, 0, 0
1635350351122, 2.13, 500, MEMX, 2.14, 2500, XNAS, 2.14, 6530, XADF, 118379, 252578, 2.13364, 1500, 6, 10600, 6, 0, 1, 0, 1, 0, 0
1635350351150, 2.13, 500, MEMX, 2.14, 2300, XNAS, 2.14, 1500, XADF, 119879, 255788, 2.13372, 1800, 8, 5000, 4, 0, 1, 0, 1, 0, 0
1635350351151, 2.13, 500, MEMX, 2.14, 2300, XNAS, 2.1399, 1500, XADF, 121379, 258998, 2.13379, 1800, 8, 5000, 4, 0, 1, 0, 1, 0, 0
1635350351160, 2.13, 500, MEMX, 2.14, 2000, BATS, 2.14, 300, XNAS, 121679, 259640, 2.13381, 1800, 8, 2700, 3, 0, 1, 0, 1, 0, 0
1635350351160, 2.13, 500, MEMX, 2.14, 2000, BATS, 2.14, 2000, XNAS, 123679, 263920, 2.13391, 1800, 8, 2700, 3, 0, 1, 0, 1, 0, 0
1635350351160, 2.13, 900, XNAS, 2.14, 2000, BATS, 2.14, 100, XNAS, 123779, 264134, 2.13391, 3000, 8, 2700, 3, 0, 1, 0, 1, 0, 0
1635350351160, 2.13, 900, XNAS, 2.14, 2000, BATS, 2.14, 1900, BATS, 125679, 268200, 2.13401, 3000, 8, 2700, 3, 0, 0, 0, 1, 0, 0
1635350351160, 2.13, 900, XNAS, 2.14, 600, MEMX, 2.14, 100, BATS, 125779, 268414, 2.13401, 3000, 8, 700, 2, 0, 1, 0, 1, 0, 0
1635350351160, 2.13, 900, XNAS, 2.14, 600, MEMX, 2.14, 300, XNAS, 126079, 269056, 2.13403, 3000, 8, 700, 2, 0, 1, 0, 1, 0, 0
1635350351160, 2.13, 900, XNAS, 2.14, 600, MEMX, 2.14, 200, MEMX, 126279, 269484, 2.13404, 3000, 8, 700, 2, 0, 0, 0, 1, 0, 0
1635350351160, 2.13, 900, XNAS, 2.14, 400, MEMX, 2.14, 200, MEMX, 126479, 269912, 2.13404, 3000, 8, 500, 2, 0, 0, 0, 1, 0, 0
1635350351160, 2.13, 900, XNAS, 2.14, 400, MEMX, 2.14, 100, MEMX, 126579, 270126, 2.13405, 3000, 8, 500, 2, 0, 0, 0, 1, 0, 0
1635350351160, 2.13, 900, XNAS, 2.14, 400, MEMX, 2.14, 100, MEMX, 126679, 270340, 2.13405, 3000, 8, 500, 2, 0, 0, 0, 1, 0, 0
1635350351160, 2.13, 900, XNAS, 2.15, 2300, ARCX, 2.14, 100, BATY, 126779, 270554, 2.13406, 3000, 8, 9200, 10, 0, 1, 1, 0, 0, 0
1635350351161, 2.14, 500, MEMX, 2.15, 2900, EDGX, 2.1399, 1900, XADF, 128679, 274620, 2.13414, 1000, 4, 9900, 9, 0, 1, 0, 0, 1, 1
1635350351163, 2.14, 500, MEMX, 2.15, 2900, EDGX, 2.15, 2678, XADF, 131357, 280377, 2.13447, 800, 3, 10800, 10, 0, 1, 0, 1, 0, 0
1635350364822, 2.14, 600, MEMX, 2.15, 300, MEMX, 2.145, 100, XNAS, 131457, 280592, 2.13448, 2100, 6, 400, 2, 0, 1, 1, 0, 0, 0
1635350364832, 2.14, 600, MEMX, 2.15, 100, EDGX, 2.15, 200, MEMX, 131657, 281022, 2.1345, 2300, 7, 100, 1, 0, 1, 0, 1, 0, 0
1635350364832, 2.14, 600, MEMX, 2.15, 100, EDGX, 2.15, 100, MEMX, 131757, 281237, 2.13451, 2300, 7, 100, 1, 0, 1, 0, 1, 0, 0
1635350364832, 2.14, 600, MEMX, 2.15, 100, EDGX, 2.15, 200, MEMX, 131957, 281667, 2.13453, 2300, 7, 100, 1, 0, 1, 0, 1, 0, 0
1635350364832, 2.14, 600, MEMX, 2.16, 2000, BATS, 2.15, 100, EDGX, 132057, 281882, 2.13455, 2400, 7, 6000, 5, 0, 1, 1, 0, 0, 0
1635350364832, 2.14, 1100, MEMX, 2.15, 200, EDGX, 2.15, 73, ARCX, 132130, 282039, 2.13456, 3900, 8, 200, 1, 1, 0, 0, 1, 0, 0
1635350364832, 2.14, 1100, MEMX, 2.15, 200, EDGX, 2.15, 2, ARCX, 132132, 282043, 2.13456, 4200, 9, 200, 1, 1, 0, 0, 1, 0, 0
1635350364832, 2.14, 1100, MEMX, 2.16, 2000, BATS, 2.15, 100, EDGX, 132232, 282258, 2.13457, 4900, 9, 6000, 5, 0, 1, 1, 0, 0, 0
1635350367365, 2.15, 10100, EDGX, 2.16, 1400, XNAS, 2.1597, 4000, XADF, 136232, 290897, 2.13531, 11300, 5, 4200, 4, 0, 1, 0, 1, 0, 0
1635350367373, 2.15, 12500, EDGX, 2.16, 1400, XNAS, 2.16, 100, BATY, 136332, 291113, 2.13532, 13800, 5, 3900, 3, 0, 1, 0, 1, 0, 0
1635350367373, 2.15, 12500, EDGX, 2.16, 1400, XNAS, 2.155, 100, XNAS, 136432, 291328, 2.13534, 13800, 5, 3900, 3, 0, 1, 1, 0, 0, 0
1635350367373, 2.15, 12500, EDGX, 2.16, 1400, XNAS, 2.16, 300, XNAS, 136732, 291976, 2.13539, 13800, 5, 3900, 3, 0, 0, 0, 1, 0, 0
1635350367373, 2.15, 12500, EDGX, 2.16, 1400, MEMX, 2.16, 800, XNAS, 137532, 293704, 2.13553, 13900, 6, 2500, 2, 0, 1, 0, 1, 0, 0
1635350367373, 2.15, 12500, EDGX, 2.16, 1200, MEMX, 2.16, 1000, EDGX, 138532, 295864, 2.13571, 14800, 7, 1300, 2, 0, 0, 0, 1, 0, 0
1635350367373, 2.15, 12500, EDGX, 2.16, 1200, MEMX, 2.16, 100, EDGX, 138632, 296080, 2.13573, 14800, 7, 1200, 1, 0, 1, 0, 1, 0, 0
1635350367373, 2.15, 12500, EDGX, 2.17, 3400, XNAS, 2.16, 1200, MEMX, 139832, 298672, 2.13594, 14800, 7, 8200, 5, 0, 1, 1, 0, 0, 0
1635350367373, 2.16, 100, XNAS, 2.16, 100, ARCX, 2.16, 100, EDGX, 139932, 298888, 2.13595, 200, 2, 100, 1, 0, 1, 1, 0, 0, 0
1635350367374, 2.16, 400, MEMX, 2.16, 100, EDGX, 2.16, 100, ARCX, 140032, 299104, 2.13597, 700, 3, 100, 1, 0, 1, 1, 0, 0, 0
1635350367374, 2.16, 400, MEMX, 2.17, 3500, XNAS, 2.16, 100, EDGX, 140132, 299320, 2.13599, 700, 3, 7900, 5, 0, 1, 0, 0, 1, 0
1635350367377, 2.16, 400, MEMX, 2.17, 3400, XNAS, 2.15, 100, XADF, 140232, 299535, 2.136, 1200, 6, 7800, 5, 0, 1, 0, 0, 1, 1
1635350368435, 2.16, 400, MEMX, 2.17, 3400, XNAS, 2.165, 4000, XADF, 144232, 308195, 2.1368, 400, 1, 7500, 8, 0, 1, 1, 0, 0, 0
1635350369061, 2.16, 400, MEMX, 2.17, 2300, BATS, 2.1652, 400, XADF, 144632, 309061, 2.13688, 600, 2, 4500, 8, 0, 1, 0, 1, 0, 0
1635350369062, 2.16, 400, MEMX, 2.17, 2100, BATS, 2.17, 66, BATY, 144698, 309205, 2.1369, 1300, 4, 3700, 6, 1, 0, 0, 1, 0, 0
1635350369062, 2.16, 400, MEMX, 2.17, 2000, BATS, 2.165, 100, XNAS, 144798, 309421, 2.13692, 1900, 6, 3000, 5, 0, 1, 1, 0, 0, 0
1635350369062, 2.16, 400, MEMX, 2.17, 2000, BATS, 2.17, 300, XNAS, 145098, 310072, 2.13698, 1900, 6, 3000, 5, 0, 1, 0, 1, 0, 0
1635350369062, 2.16, 400, MEMX, 2.17, 1800, BATS, 2.17, 150, BATS, 145248, 310398, 2.13702, 1900, 6, 2700, 4, 0, 0, 0, 1, 0, 0
1635350369062, 2.16, 600, XNAS, 2.17, 1800, BATS, 2.17, 1304, BATS, 146552, 313227, 2.13731, 2300, 6, 2500, 4, 0, 0, 0, 1, 0, 0
1635350369062, 2.16, 1400, XNAS, 2.17, 500, BATS, 2.17, 200, EDGX, 146752, 313661, 2.13736, 3800, 6, 900, 3, 0, 1, 0, 1, 0, 0
1635350369062, 2.16, 1400, XNAS, 2.17, 500, BATS, 2.17, 100, EDGX, 146852, 313878, 2.13738, 3800, 6, 900, 3, 0, 1, 0, 1, 0, 0
1635350369062, 2.16, 1600, XNAS, 2.17, 500, BATS, 2.17, 546, BATS, 147398, 315063, 2.1375, 5700, 7, 900, 3, 0, 0, 0, 1, 0, 0
1635350369062, 2.16, 1600, XNAS, 2.17, 200, IEXG, 2.17, 100, MEMX, 147498, 315280, 2.13752, 5700, 7, 400, 2, 0, 0, 0, 1, 0, 0
1635350369062, 2.16, 1600, XNAS, 2.17, 200, IEXG, 2.17, 100, MEMX, 147598, 315497, 2.13754, 5700, 7, 400, 2, 0, 0, 0, 1, 0, 0
1635350369062, 2.17, 400, MEMX, 2.18, 3500, XNAS, 2.17, 100, EDGX, 147698, 315714, 2.13757, 700, 2, 5800, 3, 0, 1, 0, 0, 1, 0
1635350370760, 2.17, 600, MEMX, 2.18, 500, MEMX, 2.175, 4000, XADF, 151698, 324414, 2.13855, 2000, 5, 500, 1, 0, 1, 1, 0, 0, 0
1635350371813, 2.17, 600, MEMX, 2.18, 500, MEMX, 2.1753, 2000, XADF, 153698, 328765, 2.13903, 2000, 5, 500, 1, 0, 1, 0, 1, 0, 0
1635350371945, 2.17, 600, MEMX, 2.18, 500, MEMX, 2.179, 100, XADF, 153798, 328983, 2.13906, 2000, 5, 500, 1, 0, 1, 0, 1, 0, 0
1635350371947, 2.17, 600, MEMX, 2.18, 500, MEMX, 2.179, 500, XADF, 154298, 330072, 2.13919, 2000, 5, 500, 1, 0, 1, 0, 1, 0, 0
1635350371956, 2.17, 600, MEMX, 2.18, 500, MEMX, 2.18, 100, MEMX, 154398, 330290, 2.13921, 2000, 5, 500, 1, 0, 0, 0, 1, 0, 0
1635350371956, 2.17, 600, MEMX, 2.18, 400, MEMX, 2.18, 200, MEMX, 154598, 330726, 2.13927, 2000, 5, 400, 1, 0, 0, 0, 1, 0, 0
1635350371956, 2.17, 600, MEMX, 2.18, 400, MEMX, 2.18, 200, MEMX, 154798, 331162, 2.13932, 2000, 5, 400, 1, 0, 0, 0, 1, 0, 0
1635350371968, 2.18, 500, MEMX, 2.19, 1300, XNAS, 2.185, 100, XNAS, 154898, 331381, 2.13935, 500, 1, 3500, 5, 0, 1, 1, 0, 0, 0
1635350371970, 2.18, 500, MEMX, 2.19, 1300, XNAS, 2.185, 100, XNAS, 154998, 331599, 2.13938, 500, 1, 3500, 5, 0, 1, 1, 0, 0, 0
1635350371980, 2.18, 500, MEMX, 2.19, 1300, EDGX, 2.19, 100, XADF, 155098, 331818, 2.13941, 1100, 4, 2700, 3, 0, 1, 0, 1, 0, 0
1635350371983, 2.18, 500, MEMX, 2.19, 1300, EDGX, 2.19, 300, XADF, 155398, 332475, 2.13951, 1100, 4, 2700, 3, 0, 1, 0, 1, 0, 0
1635350371992, 2.18, 500, MEMX, 2.19, 1300, EDGX, 2.19, 300, XNAS, 155698, 333132, 2.1396, 1100, 4, 2400, 3, 0, 0, 0, 1, 0, 0
1635350371992, 2.18, 500, MEMX, 2.19, 1300, EDGX, 2.19, 500, XNAS, 156198, 334227, 2.13977, 1100, 4, 1900, 2, 0, 1, 0, 1, 0, 0
1635350371992, 2.18, 1000, XNAS, 2.19, 600, MEMX, 2.19, 1326, EDGX, 157524, 337131, 2.14019, 2100, 5, 600, 1, 0, 1, 0, 1, 0, 0
1635350371993, 2.18, 1400, MEMX, 2.19, 200, MEMX, 2.19, 100, MEMX, 157624, 337350, 2.14022, 6700, 10, 200, 1, 0, 0, 0, 1, 0, 0
1635350371995, 2.19, 500, XNAS, 2.2, 2000, XNAS, 2.2, 6174, XADF, 163798, 350933, 2.14247, 1900, 6, 2400, 2, 0, 1, 0, 1, 0, 0
1635350373689, 2.19, 300, MEMX, 2.2, 1700, XNAS, 2.19, 200, MEMX, 163998, 351371, 2.14253, 300, 1, 2900, 7, 0, 0, 0, 0, 1, 0
1635350373689, 2.19, 300, MEMX, 2.2, 1700, XNAS, 2.19, 100, MEMX, 164098, 351590, 2.14256, 300, 1, 2900, 7, 0, 0, 0, 0, 1, 0
1635350373692, 2.18, 400, EDGX, 2.19, 200, MEMX, 2.18, 1832, XADF, 165930, 355584, 2.14297, 1200, 4, 200, 1, 0, 1, 0, 0, 1, 0
1635350374721, 2.18, 300, BATS, 2.19, 200, MEMX, 2.18, 2132, XADF, 168062, 360231, 2.14344, 1000, 4, 200, 1, 0, 1, 0, 0, 1, 0
1635350376580, 2.17, 300, MEMX, 2.19, 400, IEXG, 2.1899, 200, XADF, 168262, 360669, 2.1435, 1000, 5, 1300, 6, 0, 1, 0, 1, 0, 0
1635350377860, 2.17, 300, MEMX, 2.19, 400, IEXG, 2.1881, 61, XADF, 168323, 360803, 2.14352, 1000, 5, 1300, 6, 1, 1, 0, 1, 0, 0
1635350378571, 2.17, 300, MEMX, 2.19, 400, IEXG, 2.19, 10000, XADF, 178324, 382705, 2.14612, 1000, 5, 1300, 6, 0, 1, 0, 1, 0, 0
1635350378925, 2.17, 300, MEMX, 2.19, 300, IEXG, 2.19, 200, XADF, 178524, 383143, 2.14617, 1100, 6, 1200, 6, 0, 1, 0, 1, 0, 0
1635350379363, 2.17, 300, MEMX, 2.19, 200, EDGX, 2.18, 3, XADF, 178527, 383150, 2.14617, 1100, 6, 1000, 5, 1, 1, 1, 0, 0, 0
1635350382460, 2.17, 300, MEMX, 2.19, 200, EDGX, 2.1899, 562, XADF, 179089, 384380, 2.14631, 1100, 6, 800, 4, 0, 1, 0, 1, 0, 0
1635350382460, 2.17, 300, MEMX, 2.19, 200, EDGX, 2.1899, 438, XADF, 179527, 385340, 2.14642, 1100, 6, 800, 4, 0, 1, 0, 1, 0, 0
1635350382461, 2.17, 300, MEMX, 2.19, 200, EDGX, 2.19, 562, XADF, 180089, 386570, 2.14655, 1100, 6, 800, 4, 0, 1, 0, 1, 0, 0
1635350383045, 2.17, 300, MEMX, 2.19, 200, EDGX, 2.17, 500, XADF, 180589, 387655, 2.14662, 1100, 6, 800, 4, 0, 1, 0, 0, 1, 0
1635350387315, 2.17, 300, MEMX, 2.19, 200, EDGX, 2.1877, 200, XADF, 180789, 388093, 2.14666, 1000, 5, 1100, 6, 0, 1, 0, 1, 0, 0
1635350393480, 2.17, 300, MEMX, 2.19, 200, EDGX, 2.1879, 250, XADF, 181039, 388640, 2.14672, 1000, 5, 1100, 6, 0, 1, 0, 1, 0, 0
1635350393778, 2.17, 300, MEMX, 2.19, 200, EDGX, 2.17, 766, XADF, 181805, 390302, 2.14682, 1100, 6, 1100, 6, 0, 1, 0, 0, 1, 0
1635350393780, 2.17, 300, MEMX, 2.19, 200, EDGX, 2.17, 2400, XADF, 184205, 395510, 2.14712, 1000, 5, 1100, 6, 0, 1, 0, 0, 1, 0
1635350393781, 2.17, 300, MEMX, 2.19, 200, EDGX, 2.17, 1100, XADF, 185305, 397897, 2.14725, 1000, 5, 1100, 6, 0, 1, 0, 0, 1, 0
1635350397184, 2.16, 600, IEXG, 2.18, 200, EDGX, 2.1783, 40, XADF, 185345, 397984, 2.14726, 2100, 7, 1000, 5, 1, 1, 0, 1, 0, 0
1635350398441, 2.16, 600, IEXG, 2.18, 200, EDGX, 2.18, 100, XADF, 185445, 398202, 2.14728, 2100, 7, 1000, 5, 0, 1, 0, 1, 0, 0
1635350398507, 2.16, 600, IEXG, 2.18, 200, EDGX, 2.178, 740, XADF, 186185, 399814, 2.1474, 2100, 7, 800, 4, 0, 1, 0, 1, 0, 0
1635350399207, 2.16, 600, IEXG, 2.18, 200, EDGX, 2.178, 700, XADF, 186885, 401338, 2.14752, 2100, 7, 800, 4, 0, 1, 0, 1, 0, 0
1635350401883, 2.16, 600, IEXG, 2.18, 200, EDGX, 2.176, 50, XADF, 186935, 401447, 2.14752, 2000, 6, 800, 4, 1, 1, 0, 1, 0, 0
1635350403100, 2.16, 600, IEXG, 2.18, 200, EDGX, 2.16, 1000, XADF, 187935, 403607, 2.14759, 2000, 6, 800, 4, 0, 1, 0, 0, 1, 0
1635350405373, 2.16, 600, IEXG, 2.18, 200, EDGX, 2.18, 3, XADF, 187938, 403614, 2.14759, 2000, 6, 1000, 5, 1, 1, 0, 1, 0, 0
1635350414418, 2.16, 600, IEXG, 2.18, 300, MEMX, 2.18, 100, XADF, 188038, 403832, 2.14761, 2000, 6, 1100, 5, 0, 1, 0, 1, 0, 0
1635350416780, 2.16, 600, IEXG, 2.18, 300, MEMX, 2.18, 9, XADF, 188047, 403851, 2.14761, 2000, 6, 1100, 5, 1, 1, 0, 1, 0, 0
1635350423570, 2.17, 600, XNAS, 2.18, 200, MEMX, 2.1797, 100, XADF, 188148, 404072, 2.14763, 2100, 7, 200, 1, 0, 1, 0, 1, 0, 0
1635350424710, 2.17, 700, EDGX, 2.18, 200, MEMX, 2.1799, 1000, XADF, 189148, 406251, 2.1478, 2300, 7, 200, 1, 0, 1, 0, 1, 0, 0
1635350426732, 2.17, 700, EDGX, 2.19, 300, MEMX, 2.19, 46, XADF, 189194, 406352, 2.14781, 2500, 6, 1300, 7, 1, 1, 0, 1, 0, 0
1635350429001, 2.18, 100, ARCX, 2.19, 300, MEMX, 2.185, 500, XADF, 189694, 407445, 2.14791, 100, 1, 1000, 5, 0, 1, 1, 0, 0, 0
1635350436801, 2.18, 300, EDGX, 2.19, 200, BATS, 2.185, 176, XADF, 189870, 407829, 2.14794, 400, 2, 900, 5, 0, 1, 1, 0, 0, 0
1635350438152, 2.18, 300, EDGX, 2.19, 200, BATS, 2.185, 975, XADF, 190845, 409960, 2.14813, 400, 2, 900, 5, 0, 1, 1, 0, 0, 0
1635350439379, 2.18, 300, EDGX, 2.19, 200, BATS, 2.18, 400, XADF, 191245, 410832, 2.1482, 400, 2, 900, 5, 0, 1, 0, 0, 1, 0
1635350442531, 2.18, 300, EDGX, 2.19, 200, BATS, 2.19, 18, XBOS, 191263, 410871, 2.1482, 500, 3, 1100, 6, 1, 0, 0, 1, 0, 0
1635350442531, 2.18, 300, EDGX, 2.19, 200, BATS, 2.19, 100, EDGA, 191363, 411090, 2.14822, 500, 3, 1000, 5, 0, 1, 0, 1, 0, 0
1635350442531, 2.18, 300, EDGX, 2.19, 200, BATS, 2.19, 200, EDGX, 191563, 411528, 2.14826, 500, 3, 700, 4, 0, 1, 0, 1, 0, 0
1635350442531, 2.18, 300, EDGX, 2.19, 200, BATS, 2.19, 100, XNAS, 191663, 411747, 2.14829, 500, 3, 600, 3, 0, 1, 0, 1, 0, 0
1635350442531, 2.18, 300, EDGX, 2.19, 200, ARCX, 2.19, 200, BATS, 191863, 412185, 2.14833, 600, 3, 400, 2, 0, 1, 0, 1, 0, 0
1635350442531, 2.18, 300, EDGX, 2.19, 200, ARCX, 2.19, 200, MEMX, 192063, 412623, 2.14837, 600, 3, 200, 1, 0, 1, 0, 1, 0, 0
1635350442531, 2.18, 400, XNAS, 2.19, 200, ARCX, 2.19, 27, XBOS, 192090, 412682, 2.14838, 800, 3, 200, 1, 1, 0, 0, 1, 0, 0
1635350442531, 2.18, 500, EDGX, 2.19, 200, ARCX, 2.19, 20, BATY, 192110, 412726, 2.14838, 1300, 5, 200, 1, 1, 0, 0, 1, 0, 0
1635350442531, 2.18, 1000, MEMX, 2.19, 200, ARCX, 2.19, 100, EDGA, 192210, 412945, 2.14841, 4000, 8, 200, 1, 0, 1, 0, 1, 0, 0
1635350442531, 2.18, 1000, MEMX, 2.2, 5400, ARCX, 2.19, 20, EDGX, 192230, 412989, 2.14841, 4300, 8, 9000, 6, 1, 0, 1, 0, 0, 0
1635350442531, 2.18, 1000, MEMX, 2.2, 5400, ARCX, 2.19, 27, XNAS, 192257, 413048, 2.14842, 4300, 8, 9000, 6, 1, 0, 1, 0, 0, 0
1635350442532, 2.18, 1500, IEXG, 2.2, 5400, ARCX, 2.19, 100, XADF, 192357, 413267, 2.14844, 6200, 9, 8900, 6, 0, 1, 1, 0, 0, 0
1635350442532, 2.18, 1700, IEXG, 2.2, 5400, ARCX, 2.19, 400, XADF, 192757, 414143, 2.14852, 6000, 9, 8900, 6, 0, 1, 1, 0, 0, 0
1635350442533, 2.18, 1700, IEXG, 2.19, 100, BATS, 2.19, 18, EDGX, 192775, 414182, 2.14853, 5700, 8, 100, 1, 1, 0, 0, 1, 0, 0
1635350442533, 2.18, 1700, IEXG, 2.2, 5400, ARCX, 2.19, 100, BATS, 192875, 414401, 2.14855, 5700, 8, 10200, 8, 0, 1, 1, 0, 0, 0
1635350442533, 2.18, 1700, IEXG, 2.2, 5400, ARCX, 2.19, 382, EDGX, 193257, 415238, 2.14863, 5700, 8, 10200, 8, 0, 1, 1, 0, 0, 0
1635350442533, 2.18, 1700, IEXG, 2.2, 5400, ARCX, 2.19, 300, BATS, 193557, 415895, 2.14869, 5700, 8, 10200, 8, 0, 1, 1, 0, 0, 0
1635350442533, 2.19, 200, MEMX, 2.2, 5400, ARCX, 2.19, 1900, XADF, 195457, 420056, 2.1491, 200, 1, 11200, 7, 0, 1, 0, 0, 1, 0
1635350442534, 2.19, 200, MEMX, 2.2, 5400, ARCX, 2.1898, 600, XADF, 196057, 421370, 2.14922, 200, 1, 11200, 7, 0, 1, 0, 0, 1, 1
1635350442536, 2.19, 200, MEMX, 2.2, 5400, ARCX, 2.19, 400, XADF, 196457, 422246, 2.1493, 200, 1, 11200, 7, 0, 1, 0, 0, 1, 0
1635350448410, 2.18, 1500, IEXG, 2.2, 5400, ARCX, 2.1987, 1370, XADF, 197827, 425258, 2.14965, 2900, 5, 9100, 7, 0, 1, 0, 1, 0, 0
1635350455844, 2.18, 1500, IEXG, 2.19, 100, XNAS, 2.19, 100, XADF, 197927, 425477, 2.14967, 3300, 6, 100, 1, 0, 1, 0, 1, 0, 0
1635350455847, 2.18, 1500, IEXG, 2.19, 100, XNAS, 2.1863, 100, XADF, 198027, 425696, 2.14968, 3300, 6, 100, 1, 0, 1, 0, 1, 0, 0
1635350456888, 2.18, 1500, IEXG, 2.19, 100, XNAS, 2.19, 100, XADF, 198127, 425915, 2.14971, 3300, 6, 100, 1, 0, 1, 0, 1, 0, 0
1635350456890, 2.18, 1500, IEXG, 2.19, 100, XNAS, 2.1895, 100, XADF, 198227, 426134, 2.14973, 3300, 6, 100, 1, 0, 1, 0, 1, 0, 0
1635350458119, 2.18, 1500, IEXG, 2.19, 100, XNAS, 2.1888, 900, XADF, 199127, 428104, 2.1499, 3300, 6, 100, 1, 0, 1, 0, 1, 0, 0
1635350460073, 2.18, 1500, IEXG, 2.19, 100, XNAS, 2.19, 100, XADF, 199227, 428323, 2.14992, 3300, 6, 100, 1, 0, 1, 0, 1, 0, 0
1635350464663, 2.18, 1500, IEXG, 2.2, 5400, ARCX, 2.19, 100, XNAS, 199327, 428542, 2.14994, 3300, 6, 9100, 6, 0, 1, 1, 0, 0, 0
1635350464666, 2.19, 200, MEMX, 2.2, 5400, ARCX, 2.2, 900, XADF, 200227, 430522, 2.15017, 200, 1, 11300, 8, 0, 1, 0, 1, 0, 0
1635350471176, 2.19, 200, MEMX, 2.2, 5400, ARCX, 2.199, 11, XADF, 200238, 430546, 2.15017, 200, 1, 9700, 7, 1, 1, 0, 1, 0, 0
1635350471574, 2.19, 200, MEMX, 2.2, 5400, ARCX, 2.1927, 100, XADF, 200338, 430765, 2.15019, 200, 1, 9700, 7, 0, 1, 0, 0, 1, 0
1635350478536, 2.19, 1100, MEMX, 2.2, 5200, ARCX, 2.192, 100, XADF, 200438, 430984, 2.15021, 3200, 6, 7600, 5, 0, 1, 0, 0, 1, 0
1635350483112, 2.19, 1000, MEMX, 2.2, 5200, ARCX, 2.2, 400, XADF, 200838, 431864, 2.15031, 3100, 6, 8200, 5, 0, 1, 0, 1, 0, 0
1635350483113, 2.19, 1000, MEMX, 2.2, 5200, ARCX, 2.2, 25, XNAS, 200863, 431919, 2.15032, 3100, 6, 8200, 5, 1, 0, 0, 1, 0, 0
1635350483113, 2.19, 1000, MEMX, 2.2, 5200, ARCX, 2.2, 1700, XNAS, 202563, 435659, 2.15073, 3100, 6, 6500, 4, 0, 1, 0, 1, 0, 0
1635350483113, 2.19, 1000, MEMX, 2.2, 5100, ARCX, 2.2, 43, ARCX, 202606, 435754, 2.15074, 3000, 6, 6400, 4, 1, 0, 0, 1, 0, 0
1635350483113, 2.19, 1500, XNAS, 2.2, 600, EDGX, 2.2, 400, BATS, 203006, 436634, 2.15084, 3800, 6, 1100, 3, 0, 0, 0, 1, 0, 0
1635350483113, 2.19, 1500, XNAS, 2.2, 600, EDGX, 2.2, 5157, ARCX, 208163, 447979, 2.15206, 3800, 6, 1100, 3, 0, 1, 0, 1, 0, 0
1635350483113, 2.19, 1500, XNAS, 2.2, 600, EDGX, 2.2, 16, EDGX, 208179, 448014, 2.15206, 3800, 6, 1100, 3, 1, 0, 0, 1, 0, 0
1635350483113, 2.19, 1500, XNAS, 2.2, 600, EDGX, 2.2, 100, MEMX, 208279, 448234, 2.15209, 3800, 6, 1000, 2, 0, 1, 0, 1, 0, 0
1635350483113, 2.19, 1300, XNAS, 2.2, 600, EDGX, 2.2, 200, EDGX, 208479, 448674, 2.15213, 3600, 6, 1000, 2, 0, 0, 0, 1, 0, 0
1635350483113, 2.19, 1300, XNAS, 2.2, 600, EDGX, 2.2, 400, EDGX, 208879, 449554, 2.15222, 3600, 6, 1000, 2, 0, 0, 0, 1, 0, 0
1635350483113, 2.19, 1300, XNAS, 2.2, 600, EDGX, 2.2, 400, BATS, 209279, 450434, 2.15232, 4300, 8, 1000, 2, 0, 0, 0, 1, 0, 0
1635350483113, 2.19, 1500, MEMX, 2.2, 600, EDGX, 2.2, 400, BATS, 209679, 451314, 2.15241, 6300, 8, 1000, 2, 0, 0, 0, 1, 0, 0
1635350483113, 2.19, 1500, MEMX, 2.2, 600, EDGX, 2.2, 200, EDGX, 209879, 451754, 2.15245, 6200, 8, 1000, 2, 0, 0, 0, 1, 0, 0
1635350483113, 2.19, 1500, MEMX, 2.2, 600, EDGX, 2.2, 400, EDGX, 210279, 452634, 2.15254, 6200, 8, 1000, 2, 0, 0, 0, 1, 0, 0
1635350483113, 2.19, 1500, MEMX, 2.2, 600, EDGX, 2.2, 400, BATS, 210679, 453514, 2.15263, 6200, 8, 1000, 2, 0, 0, 0, 1, 0, 0
1635350483113, 2.19, 1500, MEMX, 2.2, 600, EDGX, 2.2, 200, EDGX, 210879, 453954, 2.15268, 6300, 9, 1000, 2, 0, 0, 0, 1, 0, 0
1635350483113, 2.19, 1500, MEMX, 2.2, 400, BATS, 2.2, 273, EDGX, 211152, 454555, 2.15274, 6300, 9, 700, 2, 0, 0, 0, 1, 0, 0
1635350483117, 2.19, 1700, IEXG, 2.2, 400, BATS, 2.2, 4800, XADF, 215952, 465115, 2.15379, 6700, 8, 700, 2, 0, 1, 0, 1, 0, 0
1635350483155, 2.19, 1700, IEXG, 2.2, 400, BATS, 2.2, 1, XADF, 215953, 465117, 2.15379, 4900, 7, 700, 2, 1, 1, 0, 1, 0, 0
1635350483295, 2.19, 1700, IEXG, 2.2, 400, BATS, 2.19, 3690, XADF, 219643, 473198, 2.1544, 4900, 7, 700, 2, 0, 1, 0, 0, 1, 0
1635350485985, 2.19, 1700, IEXG, 2.2, 400, BATS, 2.195, 200, XADF, 219843, 473637, 2.15443, 4900, 7, 700, 2, 0, 1, 1, 0, 0, 0
1635350490769, 2.19, 1200, MEMX, 2.2, 400, BATS, 2.2, 1, XADF, 219844, 473639, 2.15443, 3600, 7, 700, 2, 1, 1, 0, 1, 0, 0
1635350500581, 2.19, 1200, MEMX, 2.2, 300, MEMX, 2.195, 500, XADF, 220344, 474737, 2.15453, 2800, 6, 600, 3, 0, 1, 1, 0, 0, 0
1635350506896, 2.19, 1200, MEMX, 2.2, 300, MEMX, 2.2, 100, XADF, 220444, 474957, 2.15455, 2800, 6, 600, 3, 0, 1, 0, 1, 0, 0
1635350506898, 2.19, 1200, MEMX, 2.2, 200, XNAS, 2.1977, 100, XADF, 220544, 475177, 2.15457, 2900, 7, 500, 3, 0, 1, 0, 1, 0, 0
1635350509530, 2.19, 1200, MEMX, 2.2, 200, XNAS, 2.1978, 500, XADF, 221044, 476276, 2.15466, 3000, 7, 300, 2, 0, 1, 0, 1, 0, 0
1635350513009, 2.19, 1200, MEMX, 2.2, 200, XNAS, 2.2, 500, XADF, 221544, 477376, 2.15477, 3000, 7, 300, 2, 0, 1, 0, 1, 0, 0
1635350514774, 2.19, 1200, MEMX, 2.2, 200, XNAS, 2.199, 300, XADF, 221844, 478035, 2.15483, 3000, 7, 300, 2, 0, 1, 0, 1, 0, 0
1635350519534, 2.19, 1200, MEMX, 2.2, 100, EDGX, 2.2, 100, XNAS, 221944, 478255, 2.15485, 2800, 7, 100, 1, 0, 1, 0, 1, 0, 0
1635350519534, 2.19, 1200, MEMX, 2.2, 100, EDGX, 2.2, 100, XNAS, 222044, 478475, 2.15487, 2800, 7, 100, 1, 0, 1, 0, 1, 0, 0
1635350519534, 2.19, 1200, MEMX, 2.2, 100, EDGX, 2.2, 100, XNAS, 222144, 478695, 2.15489, 3500, 7, 100, 1, 0, 1, 0, 1, 0, 0
1635350519534, 2.19, 1200, MEMX, 2.2, 100, EDGX, 2.2, 100, XNAS, 222244, 478915, 2.15491, 3400, 7, 100, 1, 0, 1, 0, 1, 0, 0
1635350519534, 2.19, 1200, MEMX, 2.2, 400, EDGX, 2.2, 1, BATS, 222245, 478918, 2.15491, 3500, 7, 400, 1, 1, 0, 0, 1, 0, 0
1635350519534, 2.19, 1200, MEMX, 2.2, 400, EDGX, 2.2, 127, EDGX, 222372, 479197, 2.15493, 3500, 7, 400, 1, 0, 0, 0, 1, 0, 0
1635350519535, 2.19, 1800, MEMX, 2.2, 400, EDGX, 2.2, 400, EDGX, 222772, 480077, 2.15501, 7000, 9, 400, 1, 0, 0, 0, 1, 0, 0
1635350519535, 2.19, 1800, MEMX, 2.21, 1100, XNAS, 2.2, 311, EDGX, 223083, 480761, 2.15508, 7400, 9, 1200, 2, 0, 1, 1, 0, 0, 0
1635350519536, 2.2, 400, XNAS, 2.21, 100, XNAS, 2.1999, 127, XADF, 223210, 481041, 2.1551, 600, 3, 200, 2, 0, 1, 0, 0, 1, 1
1635350519536, 2.2, 400, XNAS, 2.21, 100, XNAS, 2.1999, 1, XADF, 223211, 481043, 2.1551, 600, 3, 200, 2, 1, 1, 0, 0, 1, 1
1635350519536, 2.2, 400, XNAS, 2.21, 100, XNAS, 2.2, 100, XADF, 223311, 481263, 2.15512, 600, 3, 200, 2, 0, 1, 0, 0, 1, 0
1635350519536, 2.2, 400, XNAS, 2.21, 100, XNAS, 2.1999, 100, XADF, 223411, 481483, 2.15514, 600, 3, 200, 2, 0, 1, 0, 0, 1, 1
1635350519537, 2.2, 200, XNAS, 2.21, 100, XNAS, 2.1999, 100, XADF, 223511, 481703, 2.15516, 400, 3, 200, 2, 0, 1, 0, 0, 1, 1
1635350519537, 2.2, 200, XNAS, 2.21, 100, XNAS, 2.1999, 100, XADF, 223611, 481923, 2.15518, 400, 3, 200, 2, 0, 1, 0, 0, 1, 1
1635350519538, 2.2, 200, XNAS, 2.21, 100, XNAS, 2.2, 161, XADF, 223772, 482277, 2.15522, 400, 3, 200, 2, 0, 1, 0, 0, 1, 0
1635350520102, 2.19, 1200, IEXG, 2.21, 100, XNAS, 2.2, 22, XADF, 223794, 482325, 2.15522, 4600, 7, 300, 3, 1, 1, 1, 0, 0, 0
1635350524101, 2.19, 1200, MEMX, 2.21, 600, XNAS, 2.2066, 100, XADF, 223894, 482546, 2.15524, 3800, 7, 1000, 4, 0, 1, 0, 1, 0, 0
1635350537442, 2.19, 1200, MEMX, 2.21, 100, BATS, 2.21, 50, XADF, 223944, 482656, 2.15526, 3500, 7, 300, 3, 1, 1, 0, 1, 0, 0
1635350543702, 2.2, 200, MEMX, 2.21, 300, BATS, 2.205, 10, XADF, 223954, 482679, 2.15526, 200, 1, 1400, 7, 1, 1, 1, 0, 0, 0
1635350550680, 2.2, 200, MEMX, 2.21, 300, MEMX, 2.205, 8, XADF, 223962, 482696, 2.15526, 200, 1, 1400, 7, 1, 1, 1, 0, 0, 0
1635350550790, 2.2, 200, MEMX, 2.21, 300, MEMX, 2.209, 10, XADF, 223972, 482718, 2.15526, 200, 1, 1400, 7, 1, 1, 0, 1, 0, 0
1635350565789, 2.2, 200, MEMX, 2.21, 600, XNAS, 2.21, 10, XADF, 223982, 482740, 2.15526, 200, 1, 1900, 7, 1, 1, 0, 1, 0, 0
1635350566002, 2.2, 200, MEMX, 2.21, 600, XNAS, 2.205, 50, XADF, 224032, 482851, 2.15528, 200, 1, 1900, 7, 1, 1, 1, 0, 0, 0
1635350571460, 2.2, 200, MEMX, 2.21, 600, XNAS, 2.205, 100, XNAS, 224132, 483071, 2.1553, 200, 1, 1900, 7, 0, 1, 1, 0, 0, 0
1635350571461, 2.2, 200, MEMX, 2.21, 600, XNAS, 2.209, 200, XBOS, 224332, 483513, 2.15535, 200, 1, 1700, 6, 0, 1, 0, 1, 0, 0
1635350571462, 2.2, 200, MEMX, 2.21, 300, MEMX, 2.2, 200, IEXG, 224532, 483953, 2.15539, 900, 5, 600, 3, 0, 0, 0, 0, 1, 0
1635350571465, 2.2, 200, MEMX, 2.21, 300, MEMX, 2.21, 100, XADF, 224632, 484174, 2.15541, 200, 1, 1400, 7, 0, 1, 0, 1, 0, 0
1635350571467, 2.2, 200, MEMX, 2.21, 300, MEMX, 2.21, 50, XNAS, 224682, 484284, 2.15542, 200, 1, 1300, 6, 1, 0, 0, 1, 0, 0
1635350571467, 2.2, 200, MEMX, 2.21, 300, MEMX, 2.21, 100, XNAS, 224782, 484505, 2.15545, 200, 1, 1300, 6, 0, 1, 0, 1, 0, 0
1635350571468, 2.2, 300, XNAS, 2.21, 300, MEMX, 2.21, 200, EDGX, 224982, 484947, 2.15549, 500, 2, 1100, 5, 0, 1, 0, 1, 0, 0
1635350571468, 2.2, 300, XNAS, 2.21, 300, BATS, 2.21, 100, MEMX, 225082, 485168, 2.15552, 500, 2, 800, 4, 0, 1, 0, 1, 0, 0
1635350571468, 2.2, 300, XNAS, 2.21, 300, BATS, 2.21, 200, MEMX, 225282, 485610, 2.15557, 500, 2, 800, 4, 0, 1, 0, 1, 0, 0
1635350571468, 2.2, 400, XNAS, 2.21, 200, ARCX, 2.21, 100, BATS, 225382, 485831, 2.15559, 600, 2, 500, 3, 0, 1, 0, 1, 0, 0
1635350571468, 2.2, 400, XNAS, 2.21, 200, ARCX, 2.21, 200, BATS, 225582, 486273, 2.15564, 600, 2, 500, 3, 0, 1, 0, 1, 0, 0
1635350571468, 2.2, 800, XNAS, 2.21, 200, ARCX, 2.21, 100, EDGA, 225682, 486494, 2.15566, 1600, 4, 400, 2, 0, 1, 0, 1, 0, 0
1635350571468, 2.2, 800, XNAS, 2.21, 200, IEXG, 2.21, 200, ARCX, 225882, 486936, 2.15571, 2900, 7, 200, 1, 0, 1, 0, 1, 0, 0
1635350571473, 2.21, 200, MEMX, 2.22, 500, XNAS, 2.215, 100, XNAS, 225982, 487158, 2.15574, 200, 1, 900, 3, 0, 1, 1, 0, 0, 0
1635350571476, 2.21, 200, MEMX, 2.22, 500, XNAS, 2.22, 400, XADF, 226382, 488046, 2.15585, 200, 1, 900, 3, 0, 1, 0, 1, 0, 0
1635350571476, 2.21, 200, MEMX, 2.22, 500, XNAS, 2.22, 100, XADF, 226482, 488268, 2.15588, 200, 1, 900, 3, 0, 1, 0, 1, 0, 0
1635350571476, 2.21, 200, MEMX, 2.22, 500, XNAS, 2.22, 100, XADF, 226582, 488490, 2.15591, 200, 1, 900, 3, 0, 1, 0, 1, 0, 0
1635350571479, 2.21, 200, MEMX, 2.22, 300, MEMX, 2.22, 500, XNAS, 227082, 489600, 2.15605, 200, 1, 400, 2, 0, 1, 0, 1, 0, 0
1635350571479, 2.21, 300, XNAS, 2.22, 300, MEMX, 2.22, 2600, XADF, 229682, 495372, 2.15677, 500, 2, 400, 2, 0, 1, 0, 1, 0, 0
1635350571479, 2.21, 300, XNAS, 2.22, 300, MEMX, 2.22, 200, MEMX, 229882, 495816, 2.15683, 500, 2, 400, 2, 0, 0, 0, 1, 0, 0
1635350571479, 2.21, 300, XNAS, 2.22, 100, EDGA, 2.22, 100, MEMX, 229982, 496038, 2.15686, 500, 2, 100, 1, 0, 1, 0, 1, 0, 0
1635350571479, 2.21, 300, XNAS, 2.23, 1300, XNAS, 2.22, 100, EDGA, 230082, 496260, 2.15688, 1000, 4, 4900, 9, 0, 1, 1, 0, 0, 0
1635350571479, 2.21, 400, EDGX, 2.22, 100, MEMX, 2.22, 400, EDGX, 230482, 497148, 2.15699, 1300, 4, 100, 1, 0, 1, 0, 1, 0, 0
1635350571479, 2.21, 500, EDGX, 2.23, 1300, XNAS, 2.22, 400, BATS, 230882, 498036, 2.1571, 1600, 5, 4900, 9, 0, 1, 1, 0, 0, 0
1635350571479, 2.21, 500, EDGX, 2.23, 1300, XNAS, 2.22, 100, MEMX, 230982, 498258, 2.15713, 1600, 5, 4900, 9, 0, 1, 1, 0, 0, 0
1635350571479, 2.21, 500, EDGX, 2.23, 1300, XNAS, 2.22, 300, MEMX, 231282, 498924, 2.15721, 1600, 5, 4900, 9, 0, 1, 1, 0, 0, 0
1635350571479, 2.22, 200, MEMX, 2.23, 1300, XNAS, 2.22, 100, BATY, 231382, 499146, 2.15724, 200, 1, 4900, 9, 0, 1, 0, 0, 1, 0
1635350571480, 2.22, 200, MEMX, 2.23, 1400, XNAS, 2.225, 100, XNAS, 231482, 499368, 2.15727, 200, 1, 4800, 8, 0, 1, 1, 0, 0, 0
1635350571482, 2.22, 200, MEMX, 2.23, 1400, XNAS, 2.22, 400, XADF, 231882, 500256, 2.15737, 200, 1, 5100, 10, 0, 1, 0, 0, 1, 0
1635350571483, 2.22, 200, MEMX, 2.23, 1400, XNAS, 2.23, 100, XADF, 231982, 500479, 2.15741, 200, 1, 5100, 10, 0, 1, 0, 1, 0, 0
1635350571483, 2.22, 200, MEMX, 2.23, 1400, XNAS, 2.23, 100, XADF, 232082, 500702, 2.15744, 200, 1, 5100, 10, 0, 1, 0, 1, 0, 0
1635350571483, 2.22, 200, MEMX, 2.23, 1400, XNAS, 2.23, 400, XADF, 232482, 501594, 2.15756, 200, 1, 5100, 10, 0, 1, 0, 1, 0, 0
1635350571484, 2.22, 200, MEMX, 2.23, 1400, XNAS, 2.23, 7300, XADF, 239782, 517873, 2.15977, 200, 1, 5100, 10, 0, 1, 0, 1, 0, 0
1635350571486, 2.22, 200, MEMX, 2.23, 1300, XNAS, 2.225, 100, XNAS, 239882, 518096, 2.15979, 200, 1, 5000, 10, 0, 1, 1, 0, 0, 0
1635350571486, 2.22, 200, MEMX, 2.23, 1300, XNAS, 2.23, 100, XNAS, 239982, 518319, 2.15982, 200, 1, 5000, 10, 0, 0, 0, 1, 0, 0
1635350571486, 2.22, 200, MEMX, 2.23, 900, EDGX, 2.23, 400, XNAS, 240382, 519211, 2.15994, 200, 1, 4600, 10, 0, 0, 0, 1, 0, 0
1635350571486, 2.22, 200, MEMX, 2.23, 900, EDGX, 2.23, 300, XNAS, 240682, 519880, 2.16003, 200, 1, 4000, 10, 0, 0, 0, 1, 0, 0
1635350571486, 2.22, 200, MEMX, 2.23, 900, EDGX, 2.23, 100, XNAS, 240782, 520103, 2.16006, 200, 1, 4000, 10, 0, 0, 0, 1, 0, 0
1635350571486, 2.22, 200, MEMX, 2.23, 900, EDGX, 2.23, 200, XNAS, 240982, 520549, 2.16012, 200, 1, 3800, 10, 0, 0, 0, 1, 0, 0
1635350571486, 2.22, 200, MEMX, 2.23, 900, EDGX, 2.23, 200, XNAS, 241182, 520995, 2.16017, 200, 1, 3800, 10, 0, 0, 0, 1, 0, 0
1635350571486, 2.22, 200, MEMX, 2.23, 900, EDGX, 2.23, 200, BATS, 241382, 521441, 2.16023, 400, 2, 3200, 9, 0, 0, 0, 1, 0, 0
1635350571486, 2.22, 200, MEMX, 2.23, 900, EDGX, 2.23, 200, BATS, 241582, 521887, 2.16029, 400, 2, 2800, 8, 0, 1, 0, 1, 0, 0
1635350571486, 2.22, 400, XNAS, 2.23, 800, MEMX, 2.23, 500, EDGX, 242082, 523002, 2.16043, 600, 2, 2300, 8, 0, 0, 0, 1, 0, 0
1635350571486, 2.22, 400, XNAS, 2.23, 800, MEMX, 2.23, 200, EDGX, 242282, 523448, 2.16049, 600, 2, 1900, 7, 0, 1, 0, 1, 0, 0
1635350571486, 2.22, 400, XNAS, 2.23, 800, MEMX, 2.23, 200, EDGX, 242482, 523894, 2.16055, 600, 2, 1900, 7, 0, 1, 0, 1, 0, 0
1635350571486, 2.22, 400, XNAS, 2.23, 400, EDGA, 2.23, 100, MEMX, 242582, 524117, 2.16058, 1000, 4, 1200, 7, 0, 0, 0, 1, 0, 0
1635350571486, 2.22, 400, XNAS, 2.23, 400, EDGA, 2.23, 400, MEMX, 242982, 525009, 2.16069, 1000, 4, 1200, 7, 0, 0, 0, 1, 0, 0
1635350571486, 2.22, 500, BATS, 2.23, 400, EDGA, 2.23, 100, XNAS, 243082, 525232, 2.16072, 1500, 4, 1100, 6, 0, 0, 0, 1, 0, 0
1635350571486, 2.22, 500, BATS, 2.23, 400, EDGA, 2.23, 100, BATY, 243182, 525455, 2.16075, 2100, 5, 1000, 5, 0, 0, 0, 1, 0, 0
1635350571486, 2.22, 700, BATS, 2.23, 400, EDGA, 2.225, 100, XNYS, 243282, 525677, 2.16077, 2400, 5, 900, 4, 0, 1, 1, 0, 0, 0
1635350571487, 2.22, 1100, BATS, 2.23, 300, ARCX, 2.23, 100, EDGA, 243382, 525900, 2.1608, 3800, 6, 700, 4, 0, 0, 0, 1, 0, 0
1635350571487, 2.22, 1100, BATS, 2.23, 300, ARCX, 2.23, 200, ARCX, 243582, 526346, 2.16086, 3800, 6, 700, 4, 0, 0, 0, 1, 0, 0
1635350571487, 2.22, 1100, BATS, 2.23, 200, EDGA, 2.23, 100, ARCX, 243682, 526569, 2.16089, 4000, 6, 400, 3, 0, 1, 0, 1, 0, 0
1635350571487, 2.22, 1100, BATS, 2.23, 200, EDGA, 2.23, 64, EDGA, 243746, 526712, 2.16091, 4000, 6, 400, 3, 1, 0, 0, 1, 0, 0
1635350571487, 2.22, 1200, XNAS, 2.23, 200, EDGA, 2.23, 200, EDGA, 243946, 527158, 2.16096, 4600, 6, 400, 3, 0, 0, 0, 1, 0, 0
1635350571487, 2.22, 1200, XNAS, 2.23, 100, XASE, 2.23, 400, EDGX, 244346, 528050, 2.16108, 5000, 8, 200, 2, 0, 1, 0, 1, 0, 0
1635350571487, 2.22, 1200, XNAS, 2.23, 100, XNYS, 2.23, 100, XASE, 244446, 528273, 2.1611, 5400, 8, 100, 1, 0, 1, 0, 1, 0, 0
1635350571487, 2.22, 1200, XNAS, 2.23, 100, XNYS, 2.23, 400, BATS, 244846, 529165, 2.16122, 5700, 8, 100, 1, 0, 1, 0, 1, 0, 0
1635350571487, 2.22, 1600, EDGX, 2.23, 100, XNYS, 2.23, 100, EDGA, 244946, 529388, 2.16124, 8100, 10, 100, 1, 0, 1, 0, 1, 0, 0
1635350571487, 2.22, 1200, EDGX, 2.24, 2200, BATS, 2.23, 100, XNYS, 245046, 529611, 2.16127, 7600, 11, 4700, 7, 0, 1, 1, 0, 0, 0
1635350571487, 2.23, 300, BATS, 2.24, 2000, BATS, 2.23, 200, BATS, 245246, 530057, 2.16133, 900, 4, 3300, 7, 0, 0, 0, 0, 1, 0
1635350571496, 2.23, 200, MEMX, 2.24, 600, MEMX, 2.235, 100, XNAS, 245346, 530281, 2.16136, 200, 1, 1700, 7, 0, 1, 1, 0, 0, 0
1635350571496, 2.23, 400, EDGX, 2.24, 600, MEMX, 2.235, 100, XNYS, 245446, 530504, 2.16139, 900, 3, 1700, 7, 0, 1, 1, 0, 0, 0
1635350571497, 2.23, 200, MEMX, 2.24, 500, MEMX, 2.239, 200, ARCX, 245646, 530952, 2.16145, 400, 2, 1800, 7, 0, 1, 0, 1, 0, 0
1635350571500, 2.23, 200, MEMX, 2.24, 500, MEMX, 2.24, 100, XADF, 245746, 531176, 2.16148, 400, 2, 1800, 7, 0, 1, 0, 1, 0, 0
1635350571501, 2.23, 200, MEMX, 2.24, 500, MEMX, 2.24, 100, XADF, 245846, 531400, 2.16152, 400, 2, 1800, 7, 0, 1, 0, 1, 0, 0
1635350571508, 2.23, 200, MEMX, 2.24, 500, MEMX, 2.235, 100, XNAS, 245946, 531623, 2.16155, 400, 2, 1400, 7, 0, 1, 1, 0, 0, 0
1635350571508, 2.23, 200, MEMX, 2.24, 500, MEMX, 2.24, 400, XNAS, 246346, 532519, 2.16167, 400, 2, 1400, 7, 0, 0, 0, 1, 0, 0
1635350571509, 2.23, 200, MEMX, 2.24, 500, MEMX, 2.24, 100, XPSX, 246446, 532743, 2.1617, 400, 2, 1300, 6, 0, 1, 0, 1, 0, 0
1635350571509, 2.23, 200, MEMX, 2.24, 500, MEMX, 2.24, 100, BATS, 246546, 532967, 2.16174, 500, 3, 1300, 6, 0, 0, 0, 1, 0, 0
1635350571509, 2.23, 200, MEMX, 2.24, 500, MEMX, 2.24, 200, BATS, 246746, 533415, 2.1618, 500, 3, 1000, 5, 0, 1, 0, 1, 0, 0
1635350571509, 2.23, 200, MEMX, 2.24, 500, MEMX, 2.24, 100, EDGX, 246846, 533639, 2.16183, 500, 3, 800, 3, 0, 1, 0, 1, 0, 0
1635350571509, 2.23, 200, ARCX, 2.24, 200, ARCX, 2.24, 584, MEMX, 247430, 534948, 2.16202, 600, 3, 300, 2, 0, 1, 0, 1, 0, 0
1635350571509, 2.23, 200, ARCX, 2.24, 200, ARCX, 2.24, 100, XNAS, 247530, 535172, 2.16205, 600, 3, 300, 2, 0, 1, 0, 1, 0, 0
1635350571509, 2.23, 500, XNAS, 2.24, 200, ARCX, 2.24, 100, EDGA, 247630, 535396, 2.16208, 900, 3, 200, 1, 0, 1, 0, 1, 0, 0
1635350571509, 2.23, 500, XNAS, 2.24, 200, ARCX, 2.24, 100, MEMX, 247730, 535620, 2.16211, 1900, 5, 300, 2, 0, 0, 0, 1, 0, 0
1635350571509, 2.23, 500, XNAS, 2.24, 200, ARCX, 2.24, 200, ARCX, 247930, 536068, 2.16217, 2200, 6, 200, 1, 0, 0, 0, 1, 0, 0
1635350571517, 2.23, 600, MEMX, 2.24, 300, MEMX, 2.24, 100, XADF, 248030, 536292, 2.1622, 1000, 5, 400, 2, 0, 1, 0, 1, 0, 0
1635350571529, 2.23, 600, MEMX, 2.25, 6200, EDGX, 2.24, 100, MEMX, 248130, 536516, 2.16224, 900, 4, 8600, 9, 0, 1, 1, 0, 0, 0
1635350571529, 2.23, 600, MEMX, 2.25, 6200, EDGX, 2.24, 200, MEMX, 248330, 536964, 2.1623, 900, 4, 8600, 9, 0, 1, 1, 0, 0, 0
1635350571529, 2.23, 700, MEMX, 2.25, 6200, EDGX, 2.24, 400, BATS, 248730, 537860, 2.16242, 1400, 6, 8600, 9, 0, 1, 1, 0, 0, 0
1635350571533, 2.23, 400, MEMX, 2.25, 6200, EDGX, 2.248, 200, XBOS, 248930, 538309, 2.16249, 900, 5, 8200, 8, 0, 1, 0, 1, 0, 0
1635350571537, 2.23, 400, MEMX, 2.25, 6200, EDGX, 2.25, 20000, XADF, 268930, 583309, 2.169, 900, 5, 8200, 8, 0, 1, 0, 1, 0, 0
1635350571540, 2.23, 300, MEMX, 2.24, 100, BATS, 2.25, 13600, XADF, 282530, 613909, 2.1729, 1000, 5, 100, 1, 0, 1, 0, 1, 0, 1
1635350571540, 2.23, 300, MEMX, 2.24, 100, BATS, 2.25, 100, XADF, 282630, 614134, 2.17293, 1000, 5, 100, 1, 0, 1, 0, 1, 0, 1
1635350571540, 2.23, 300, MEMX, 2.24, 100, BATS, 2.25, 400, XADF, 283030, 615034, 2.17304, 1000, 5, 100, 1, 0, 1, 0, 1, 0, 1
1635350571545, 2.23, 300, MEMX, 2.24, 100, BATS, 2.24, 100, XADF, 283130, 615258, 2.17306, 1000, 5, 100, 1, 0, 1, 0, 1, 0, 0
1635350571549, 2.23, 300, MEMX, 2.24, 100, BATS, 2.24, 100, BATS, 283230, 615482, 2.17308, 900, 4, 200, 2, 0, 0, 0, 1, 0, 0
1635350571549, 2.23, 300, MEMX, 2.25, 6200, EDGX, 2.24, 100, MEMX, 283330, 615706, 2.17311, 1000, 5, 8200, 8, 0, 1, 1, 0, 0, 0
1635350571555, 2.23, 400, MEMX, 2.25, 6000, EDGX, 2.25, 14700, XADF, 298030, 648781, 2.1769, 1700, 6, 7600, 7, 0, 1, 0, 1, 0, 0
1635350571557, 2.23, 400, MEMX, 2.25, 6000, EDGX, 2.25, 400, XADF, 298430, 649681, 2.177, 1800, 7, 7600, 7, 0, 1, 0, 1, 0, 0
1635350571558, 2.23, 400, MEMX, 2.25, 6000, EDGX, 2.25, 100, XADF, 298530, 649906, 2.17702, 1800, 7, 7600, 7, 0, 1, 0, 1, 0, 0
1635350571558, 2.23, 400, MEMX, 2.25, 6000, EDGX, 2.25, 100, XADF, 298630, 650131, 2.17705, 1800, 7, 7500, 6, 0, 1, 0, 1, 0, 0
1635350571558, 2.23, 400, MEMX, 2.25, 6000, EDGX, 2.25, 400, XADF, 299030, 651031, 2.17714, 1800, 7, 7500, 6, 0, 1, 0, 1, 0, 0
1635350571560, 2.23, 400, MEMX, 2.25, 6000, EDGX, 2.25, 2800, XADF, 301830, 657331, 2.17782, 1800, 7, 7500, 6, 0, 1, 0, 1, 0, 0
1635350571570, 2.23, 400, MEMX, 2.25, 6000, EDGX, 2.25, 79, XNAS, 301909, 657509, 2.17784, 1800, 7, 7400, 6, 1, 0, 0, 1, 0, 0
1635350571570, 2.23, 400, MEMX, 2.25, 6000, EDGX, 2.25, 100, XNAS, 302009, 657734, 2.17786, 1800, 7, 6900, 5, 0, 1, 0, 1, 0, 0
1635350571570, 2.23, 400, MEMX, 2.25, 6000, EDGX, 2.25, 500, XNAS, 302509, 658859, 2.17798, 1800, 7, 6900, 5, 0, 1, 0, 1, 0, 0
1635350571570, 2.23, 400, MEMX, 2.25, 6000, EDGX, 2.25, 100, XBOS, 302609, 659084, 2.17801, 1800, 7, 6800, 4, 0, 1, 0, 1, 0, 0
1635350571570, 2.24, 500, XNAS, 2.25, 600, MEMX, 2.25, 6000, EDGX, 308609, 672584, 2.1794, 500, 1, 800, 3, 0, 1, 0, 1, 0, 0
1635350571570, 2.24, 500, XNAS, 2.25, 600, MEMX, 2.25, 500, MEMX, 309109, 673709, 2.17952, 500, 1, 800, 3, 0, 0, 0, 1, 0, 0
1635350571570, 2.24, 500, XNAS, 2.25, 100, XCIS, 2.25, 100, MEMX, 309209, 673934, 2.17954, 500, 1, 200, 2, 0, 1, 0, 1, 0, 0
1635350571571, 2.24, 900, BATS, 2.25, 100, XCIS, 2.25, 100, ARCX, 309309, 674159, 2.17956, 2300, 5, 100, 1, 0, 1, 0, 1, 0, 0
1635350571571, 2.24, 1000, BATS, 2.25, 100, XCIS, 2.25, 100, XCIS, 309409, 674384, 2.17959, 3900, 8, 100, 1, 0, 0, 0, 1, 0, 0
1635350571642, 2.25, 1500, XNAS, 2.26, 6400, XNAS, 2.25, 100, ARCX, 309539, 674676, 2.17961, 6100, 6, 8600, 4, 0, 0, 0, 0, 1, 0
1635350572387, 2.25, 1500, XNAS, 2.26, 5000, XNAS, 2.25, 350, XADF, 309889, 675463, 2.17969, 6100, 6, 7100, 3, 0, 1, 0, 0, 1, 0
1635350575593, 2.25, 1500, XNAS, 2.26, 5500, XNAS, 2.259, 200, ARCX, 310093, 675924, 2.17975, 5500, 6, 7900, 5, 0, 1, 0, 1, 0, 0
1635350575597, 2.25, 1500, XNAS, 2.26, 5500, XNAS, 2.2599, 200, XADF, 310293, 676376, 2.1798, 5800, 7, 7500, 2, 0, 1, 0, 1, 0, 0
1635350575606, 2.25, 1500, XNAS, 2.26, 2000, ARCX, 2.26, 5000, XNAS, 315293, 687676, 2.18107, 5800, 7, 2500, 2, 0, 0, 0, 1, 0, 0
1635350575606, 2.25, 1500, XNAS, 2.26, 2000, ARCX, 2.26, 500, XNAS, 315793, 688806, 2.1812, 5800, 7, 2000, 1, 0, 1, 0, 1, 0, 0
1635350575606, 2.25, 1500, XNAS, 2.27, 900, XNAS, 2.26, 2000, ARCX, 317793, 693326, 2.18169, 5800, 7, 1500, 3, 0, 1, 1, 0, 0, 0
1635350575607, 2.26, 1500, IEXG, 2.27, 300, ARCX, 2.27, 105, ARCX, 317898, 693564, 2.18172, 4800, 7, 400, 2, 0, 0, 0, 1, 0, 0
1635350575607, 2.26, 1500, IEXG, 2.27, 300, ARCX, 2.27, 100, MEMX, 317998, 693791, 2.18175, 4200, 7, 300, 1, 0, 1, 0, 1, 0, 0
1635350575608, 2.26, 1500, IEXG, 2.27, 300, ARCX, 2.2699, 2600, XADF, 320598, 699693, 2.18246, 4400, 7, 300, 1, 0, 1, 0, 1, 0, 0
1635350582857, 2.26, 200, EDGX, 2.27, 500, XNAS, 2.2699, 1000, XADF, 321598, 701963, 2.18273, 1000, 5, 1000, 3, 0, 1, 0, 1, 0, 0
1635350585026, 2.26, 200, EDGX, 2.27, 500, XNAS, 2.2684, 200, XADF, 321798, 702417, 2.18279, 1000, 5, 1000, 3, 0, 1, 0, 1, 0, 0
1635350588527, 2.26, 300, MEMX, 2.27, 600, XNAS, 2.26, 100, MEMX, 321898, 702643, 2.18281, 300, 1, 900, 4, 0, 0, 0, 0, 1, 0
1635350588527, 2.26, 300, MEMX, 2.27, 600, XNAS, 2.26, 100, MEMX, 321998, 702869, 2.18284, 300, 1, 900, 4, 0, 0, 0, 0, 1, 0
1635350588527, 2.26, 300, MEMX, 2.27, 600, XNAS, 2.26, 200, MEMX, 322198, 703321, 2.18288, 300, 1, 900, 4, 0, 0, 0, 0, 1, 0
1635350588527, 2.25, 400, IEXG, 2.27, 600, XNAS, 2.25, 100, EDGA, 322298, 703546, 2.1829, 1500, 5, 900, 4, 0, 1, 0, 0, 1, 0
1635350589736, 2.25, 200, ARCX, 2.27, 1100, XNAS, 2.25, 100, MEMX, 322398, 703771, 2.18293, 200, 1, 4100, 8, 0, 1, 0, 0, 1, 0
1635350589736, 2.25, 200, ARCX, 2.27, 1100, XNAS, 2.25, 100, MEMX, 322498, 703996, 2.18295, 200, 1, 4100, 8, 0, 1, 0, 0, 1, 0
1635350589736, 2.24, 1200, IEXG, 2.27, 1100, XNAS, 2.25, 200, ARCX, 322698, 704446, 2.18299, 3000, 6, 4100, 8, 0, 1, 0, 0, 1, 0
1635350589736, 2.24, 1000, XNAS, 2.26, 500, XNAS, 2.25, 300, XADF, 322998, 705121, 2.18305, 3500, 6, 1400, 6, 0, 1, 1, 0, 0, 0
1635350589737, 2.24, 1000, XNAS, 2.26, 500, XNAS, 2.24, 4300, XADF, 327298, 714753, 2.1838, 3500, 6, 1400, 6, 0, 1, 0, 0, 1, 0
1635350589957, 2.24, 600, XNAS, 2.26, 200, ARCX, 2.25, 200, XADF, 327498, 715203, 2.18384, 1600, 6, 700, 4, 0, 1, 1, 0, 0, 0
1635350589982, 2.24, 600, XNAS, 2.26, 200, ARCX, 2.242, 307, XADF, 327805, 715891, 2.18389, 1600, 6, 700, 4, 0, 1, 0, 0, 1, 0
1635350592085, 2.24, 700, EDGX, 2.26, 200, ARCX, 2.25, 500, XADF, 328305, 717016, 2.18399, 3100, 6, 400, 3, 0, 1, 1, 0, 0, 0
1635350595611, 2.24, 600, XNAS, 2.26, 200, ARCX, 2.25, 100, BATY, 328405, 717241, 2.18401, 2000, 6, 500, 3, 0, 1, 1, 0, 0, 0
1635350595611, 2.24, 600, XNAS, 2.26, 200, ARCX, 2.25, 100, BATY, 328505, 717466, 2.18403, 2000, 6, 500, 3, 0, 1, 1, 0, 0, 0
1635350596906, 2.24, 400, EDGX, 2.25, 600, XNAS, 2.2401, 9478, XADF, 337983, 738698, 2.18561, 1800, 7, 600, 1, 0, 1, 0, 0, 1, 0
1635350598075, 2.24, 400, EDGX, 2.25, 600, XNAS, 2.25, 1428, XADF, 339411, 741911, 2.18588, 1300, 5, 800, 3, 0, 1, 0, 1, 0, 0
1635350598926, 2.24, 200, EDGX, 2.25, 600, XNAS, 2.245, 3000, XADF, 342411, 748646, 2.1864, 200, 1, 1000, 4, 0, 1, 1, 0, 0, 0
1635350598927, 2.23, 200, ARCX, 2.25, 600, XNAS, 2.24, 200, EDGX, 342611, 749094, 2.18643, 800, 5, 1000, 4, 0, 1, 1, 0, 0, 0
1635350598927, 2.23, 200, ARCX, 2.25, 600, XNAS, 2.24, 51, EDGX, 342662, 749208, 2.18643, 800, 5, 1000, 4, 1, 0, 1, 0, 0, 0
1635350598928, 2.23, 200, ARCX, 2.25, 1300, XNAS, 2.24, 100, EDGX, 342762, 749432, 2.18645, 800, 5, 2300, 6, 0, 1, 1, 0, 0, 0
