timestamp, bid_price, bid_size, bid_exchange, ask_price, ask_size, ask_exchange, trade_price, trade_size, trade_exchange, volume, notional_volume, vwap, nbb_agg_size, nbb_no_of_exchange, nbo_agg_size, nbo_no_of_exchange, is_odd_lot, is_hidden_order, is_mid_order, is_buy_order, is_sell_order, is_trade_through 
1635341401234, 15.02, 100, XASE, 15.13, 2800, XNAS, 15.12, 100, XNAS, 8132, 122635, 15.0805, 200, 2, 2800, 1, 0, 1, 0, 1, 0, 0
1635341401234, 15.02, 100, XASE, 15.13, 100, XNAS, 15.13, 2700, XNAS, 10832, 163486, 15.0928, 200, 2, 100, 1, 0, 0, 0, 1, 0, 0
1635341401249, 15.02, 100, XASE, 15.13, 100, XNAS, 15.08, 314, XADF, 11146, 168221, 15.0925, 200, 2, 100, 1, 0, 1, 0, 1, 0, 0
1635341401351, 15.01, 100, ARCX, 15.13, 100, XNAS, 15.02, 75, XADF, 11221, 169347, 15.092, 200, 2, 100, 1, 1, 1, 0, 0, 1, 0
1635341401755, 15.01, 100, ARCX, 15.35, 100, ARCX, 15.12, 100, XNAS, 11321, 170859, 15.0922, 200, 2, 100, 1, 0, 1, 0, 0, 1, 0
1635341401755, 15.01, 100, ARCX, 15.35, 100, ARCX, 15.13, 100, XNAS, 11421, 172372, 15.0926, 200, 2, 100, 1, 0, 1, 0, 0, 1, 0
1635341401755, 15.01, 100, ARCX, 15.35, 100, ARCX, 15.12, 100, XPSX, 11521, 173884, 15.0928, 200, 2, 100, 1, 0, 1, 0, 0, 1, 0
1635341401755, 15.01, 100, ARCX, 15.35, 100, ARCX, 15.12, 100, XBOS, 11621, 175396, 15.093, 200, 2, 100, 1, 0, 1, 0, 0, 1, 0
1635341402777, 15.01, 100, ARCX, 15.11, 300, XNAS, 15.09, 1, XADF, 11716, 176829, 15.0929, 200, 2, 300, 1, 1, 1, 0, 1, 0, 0
1635341404807, 15.01, 100, ARCX, 15.11, 300, XNAS, 15.08, 250, XADF, 12024, 181470, 15.0923, 100, 1, 400, 2, 0, 1, 0, 1, 0, 0
1635341407529, 15.01, 100, ARCX, 15.11, 300, XNAS, 15.08, 6, XADF, 12032, 181591, 15.0923, 100, 1, 400, 2, 1, 1, 0, 1, 0, 0
1635341426974, 15.02, 100, XNAS, 15.11, 100, MEMX, 15.1, 50, XNAS, 12082, 182346, 15.0923, 100, 1, 100, 1, 1, 0, 0, 1, 0, 0
1635341426974, 15.02, 100, XNAS, 15.11, 100, MEMX, 15.11, 250, XNAS, 12332, 186123, 15.0927, 100, 1, 100, 1, 0, 1, 0, 1, 0, 0
1635341435365, 15.02, 100, XNAS, 15.11, 100, MEMX, 15.11, 33, EDGA, 12365, 186622, 15.0927, 100, 1, 100, 1, 1, 0, 0, 1, 0, 0
1635341469564, 15.03, 200, XNAS, 15.11, 100, MEMX, 15.09, 100, XADF, 12465, 188131, 15.0927, 200, 1, 100, 1, 0, 1, 0, 1, 0, 0
1635341469565, 15.03, 200, XNAS, 15.11, 100, MEMX, 15.09, 100, XADF, 12565, 189640, 15.0927, 200, 1, 200, 2, 0, 1, 0, 1, 0, 0
1635341469566, 15.03, 200, XNAS, 15.11, 100, MEMX, 15.1, 17, XNAS, 12582, 189896, 15.0927, 200, 1, 200, 2, 1, 0, 0, 1, 0, 0
1635341474553, 15.03, 200, XNAS, 15.11, 100, MEMX, 15.11, 74, XADF, 12656, 191015, 15.0928, 200, 1, 200, 2, 1, 1, 0, 1, 0, 0
1635341523418, 15.04, 200, XNAS, 15.11, 100, IEXG, 15.08, 1, XNAS, 12657, 191030, 15.0928, 300, 2, 200, 2, 1, 0, 0, 1, 0, 0
1635341523419, 15.06, 100, XNAS, 15.11, 100, MEMX, 15.11, 16, MEMX, 12673, 191271, 15.0928, 200, 2, 200, 2, 1, 0, 0, 1, 0, 0
1635341523554, 15.05, 100, IEXG, 15.11, 100, MEMX, 15.11, 50, XNAS, 12723, 192027, 15.0929, 200, 2, 200, 2, 1, 0, 0, 1, 0, 0
1635341523554, 15.05, 100, IEXG, 15.11, 100, MEMX, 15.11, 1, XNAS, 12724, 192042, 15.0929, 200, 2, 200, 2, 1, 0, 0, 1, 0, 0
1635341523554, 15.05, 100, IEXG, 15.11, 100, MEMX, 15.11, 51, XNAS, 12775, 192813, 15.093, 200, 2, 200, 2, 1, 0, 0, 1, 0, 0
1635341523554, 15.08, 100, XNAS, 15.14, 100, XNAS, 15.11, 100, BATS, 12919, 194989, 15.0932, 100, 1, 100, 1, 0, 1, 1, 0, 0, 0
1635341523554, 15.09, 100, XNAS, 15.16, 100, XCHI, 15.11, 49, XNAS, 12968, 195729, 15.0932, 100, 1, 400, 4, 1, 0, 0, 0, 1, 0
1635341523554, 15.09, 100, XNAS, 15.16, 100, XCHI, 15.11, 40, MEMX, 13008, 196333, 15.0933, 100, 1, 400, 4, 1, 0, 0, 0, 1, 0
1635341523554, 15.09, 100, XNAS, 15.16, 100, XCHI, 15.11, 25, MEMX, 13033, 196711, 15.0933, 100, 1, 400, 4, 1, 0, 0, 0, 1, 0
1635341523555, 15.09, 100, XNAS, 15.16, 100, XCHI, 15.12, 18, ARCX, 13051, 196983, 15.0933, 200, 2, 400, 4, 1, 0, 0, 0, 1, 0
1635341523555, 15.09, 100, XNAS, 15.16, 100, XCHI, 15.12, 18, ARCX, 13051, 196983, 15.0933, 200, 2, 400, 4, 1, 0, 0, 0, 1, 0
1635341523555, 15.09, 300, IEXG, 15.16, 100, XCHI, 15.11, 41, XNAS, 13092, 197603, 15.0934, 500, 3, 400, 4, 1, 0, 0, 0, 1, 0
1635341523555, 15.09, 300, IEXG, 15.16, 100, XCHI, 15.11, 50, XNAS, 13142, 198358, 15.0935, 500, 3, 400, 4, 1, 0, 0, 0, 1, 0
1635341523555, 15.09, 300, IEXG, 15.16, 100, XCHI, 15.11, 9, XNAS, 13151, 198494, 15.0935, 500, 3, 400, 4, 1, 0, 0, 0, 1, 0
1635341548569, 15.05, 100, XNAS, 15.16, 100, IEXG, 15.105, 150, XADF, 13301, 200760, 15.0936, 100, 1, 100, 1, 0, 1, 1, 0, 0, 0
1635341623429, 15.08, 200, XNAS, 15.17, 100, XNAS, 15.16, 10, XADF, 13311, 200912, 15.0936, 200, 1, 100, 1, 1, 1, 0, 1, 0, 0
1635341629158, 15.08, 200, XNAS, 15.17, 100, XNAS, 15.08, 1, MEMX, 13312, 200927, 15.0936, 200, 1, 100, 1, 1, 0, 0, 0, 1, 0
1635341655919, 15.09, 100, EDGX, 15.1, 400, XNAS, 15.11, 30, XNAS, 13342, 201380, 15.0937, 100, 1, 400, 1, 1, 0, 0, 1, 0, 1
1635341655919, 15.09, 100, EDGX, 15.1, 400, XNAS, 15.11, 15, XNAS, 13357, 201607, 15.0937, 100, 1, 400, 1, 1, 0, 0, 1, 0, 1
1635341655919, 15.09, 100, EDGX, 15.2, 100, XNAS, 15.1, 455, XNAS, 13812, 208477, 15.0939, 100, 1, 100, 1, 0, 1, 0, 0, 1, 0
1635341655919, 15.09, 100, EDGX, 15.2, 100, XNAS, 15.1, 100, EDGX, 13912, 209987, 15.094, 100, 1, 100, 1, 0, 1, 0, 0, 1, 0
1635341655919, 15.09, 100, EDGX, 15.2, 100, XNAS, 15.1, 200, ARCX, 14112, 213007, 15.094, 100, 1, 100, 1, 0, 1, 0, 0, 1, 0
1635341655919, 15.1, 100, MEMX, 15.18, 100, XNAS, 15.1, 100, EDGX, 14212, 214517, 15.0941, 200, 2, 100, 1, 0, 1, 0, 0, 1, 0
1635341655921, 15.09, 100, MEMX, 15.16, 100, MEMX, 15.11, 13, ARCX, 14225, 214714, 15.0941, 200, 2, 100, 1, 1, 0, 0, 0, 1, 0
1635341699319, 15.1, 300, XNAS, 15.18, 100, XNAS, 15.17, 1, IEXG, 14226, 214729, 15.0941, 300, 1, 200, 2, 1, 0, 0, 1, 0, 0
1635341699822, 15.1, 300, XNAS, 15.18, 300, IEXG, 15.17, 4, BATY, 14230, 214789, 15.0941, 300, 1, 700, 5, 1, 0, 0, 1, 0, 0
1635341699822, 15.1, 300, XNAS, 15.18, 300, IEXG, 15.17, 96, IEXG, 14326, 216246, 15.0946, 300, 1, 700, 5, 1, 0, 0, 1, 0, 0
1635341709681, 15.1, 300, XNAS, 15.17, 100, XNAS, 15.135, 140, IEXG, 14466, 218365, 15.095, 400, 2, 200, 2, 0, 1, 1, 0, 0, 0
1635341718309, 15.1, 300, XNAS, 15.22, 200, XNAS, 15.14, 1, XNAS, 14467, 218380, 15.095, 300, 1, 200, 1, 1, 0, 0, 0, 1, 0
1635341741828, 15.1, 300, XNAS, 15.17, 100, XNAS, 15.135, 1, XADF, 14468, 218395, 15.095, 300, 1, 200, 2, 1, 1, 1, 0, 0, 0
1635341757825, 15.12, 100, XNAS, 15.18, 100, XNAS, 15.1711, 230, XADF, 14698, 221884, 15.0962, 100, 1, 100, 1, 0, 1, 0, 1, 0, 0
1635341786260, 15.12, 200, XNAS, 15.2, 100, XNAS, 15.2, 10, XADF, 14708, 222036, 15.0963, 200, 1, 200, 2, 1, 1, 0, 1, 0, 0
1635341800284, 15.12, 200, XNAS, 15.19, 100, XNAS, 15.155, 1, XADF, 14709, 222051, 15.0963, 300, 2, 200, 2, 1, 1, 1, 0, 0, 0
1635341841211, 15.12, 200, XNAS, 15.19, 100, XNAS, 15.18, 80, XADF, 14789, 223266, 15.0967, 300, 2, 100, 1, 1, 1, 0, 1, 0, 0
1635341854304, 15.12, 200, XNAS, 15.19, 100, XNAS, 15.18, 31, XNAS, 14820, 223736, 15.0969, 300, 2, 100, 1, 1, 0, 0, 1, 0, 0
1635341854305, 15.12, 200, XNAS, 15.19, 100, XNAS, 15.18, 1, ARCX, 14821, 223752, 15.0969, 300, 2, 100, 1, 1, 0, 0, 1, 0, 0
1635341854305, 15.12, 200, XNAS, 15.19, 100, XNAS, 15.18, 1, ARCX, 14822, 223767, 15.0969, 300, 2, 100, 1, 1, 0, 0, 1, 0, 0
1635341854306, 15.15, 100, XNYS, 15.19, 200, XNAS, 15.19, 16, MEMX, 14838, 224010, 15.097, 100, 1, 200, 1, 1, 0, 0, 1, 0, 0
1635341863394, 15.12, 200, XNAS, 15.19, 200, XNAS, 15.19, 99, MEMX, 14937, 225514, 15.0976, 400, 3, 300, 2, 1, 0, 0, 1, 0, 0
1635341863394, 15.12, 200, XNAS, 15.19, 200, XNAS, 15.16, 1, BATS, 14938, 225529, 15.0977, 400, 3, 200, 1, 1, 0, 0, 1, 0, 0
1635341872048, 15.14, 300, XNAS, 15.19, 100, MEMX, 15.165, 100, XADF, 15038, 227045, 15.0981, 400, 2, 200, 2, 0, 1, 1, 0, 0, 0
1635341916776, 15.14, 300, XNAS, 15.19, 100, XNAS, 15.1674, 12, XADF, 15050, 227227, 15.0982, 300, 1, 100, 1, 1, 1, 0, 1, 0, 0
1635341921575, 15.14, 300, XNAS, 15.15, 100, BATY, 15.15, 9, XNAS, 15059, 227364, 15.0982, 300, 1, 200, 2, 1, 0, 0, 1, 0, 0
1635341921575, 15.14, 300, XNAS, 15.15, 100, EDGX, 15.15, 75, BATY, 15134, 228500, 15.0984, 300, 1, 100, 1, 1, 0, 0, 1, 0, 0
1635341921575, 15.14, 300, XNAS, 15.15, 100, EDGX, 15.14, 17, XNAS, 15151, 228757, 15.0985, 300, 1, 100, 1, 1, 0, 0, 0, 1, 0
1635341921575, 15.14, 200, XNAS, 15.15, 100, EDGX, 15.14, 83, XNAS, 15234, 230014, 15.0987, 200, 1, 100, 1, 1, 0, 0, 0, 1, 0
1635341921575, 15.14, 200, XNAS, 15.15, 100, EDGX, 15.14, 100, XNAS, 15334, 231528, 15.099, 200, 1, 100, 1, 0, 0, 0, 0, 1, 0
1635341921575, 15.12, 100, ARCX, 15.15, 100, EDGX, 15.14, 100, XNAS, 15434, 233042, 15.0992, 200, 2, 100, 1, 0, 1, 0, 1, 0, 0
1635341921575, 15.12, 100, ARCX, 15.15, 100, EDGX, 15.14, 15, XNAS, 15449, 233269, 15.0993, 200, 2, 100, 1, 1, 0, 0, 1, 0, 0
1635341921575, 15.12, 100, ARCX, 15.15, 100, EDGX, 15.14, 17, XNAS, 15466, 233526, 15.0993, 200, 2, 100, 1, 1, 0, 0, 1, 0, 0
1635341921576, 15.13, 100, XNAS, 15.15, 100, EDGX, 15.14, 16, MEMX, 15482, 233769, 15.0994, 100, 1, 100, 1, 1, 0, 1, 0, 0, 0
1635341921576, 15.13, 100, XNAS, 15.15, 100, EDGX, 15.14, 200, XNAS, 15682, 236797, 15.0999, 100, 1, 100, 1, 0, 1, 1, 0, 0, 0
1635341921576, 15.13, 100, XNAS, 15.15, 100, EDGX, 15.14, 83, XNAS, 15765, 238053, 15.1001, 100, 1, 100, 1, 1, 0, 1, 0, 0, 0
1635341921576, 15.13, 100, XNAS, 15.15, 100, EDGX, 15.14, 10, XNAS, 15775, 238205, 15.1001, 100, 1, 100, 1, 1, 0, 1, 0, 0, 0
1635341921577, 15.12, 100, XNAS, 15.14, 100, EDGX, 15.13, 10, XNAS, 15785, 238356, 15.1001, 200, 2, 100, 1, 1, 0, 1, 0, 0, 0
1635341921577, 15.12, 100, XNAS, 15.14, 100, EDGX, 15.12, 100, ARCX, 15885, 239868, 15.1003, 200, 2, 100, 1, 0, 0, 0, 0, 1, 0
1635341921596, 15.09, 200, ARCX, 15.14, 100, EDGX, 15.12, 100, XNAS, 15985, 241380, 15.1004, 200, 1, 200, 2, 0, 1, 0, 1, 0, 0
1635341921602, 15.09, 100, ARCX, 15.12, 100, MEMX, 15.11, 4, ARCX, 15989, 241440, 15.1004, 100, 1, 200, 2, 1, 0, 0, 1, 0, 0
1635341921602, 15.09, 100, ARCX, 15.12, 100, MEMX, 15.11, 8, ARCX, 15997, 241561, 15.1004, 100, 1, 200, 2, 1, 0, 0, 1, 0, 0
1635341921602, 15.09, 100, ARCX, 15.12, 100, MEMX, 15.11, 4, ARCX, 16001, 241622, 15.1004, 100, 1, 200, 2, 1, 0, 0, 1, 0, 0
1635341921602, 15.09, 100, ARCX, 15.12, 100, MEMX, 15.11, 84, ARCX, 16085, 242891, 15.1005, 100, 1, 200, 2, 1, 0, 0, 1, 0, 0
1635341921603, 15.09, 100, ARCX, 15.11, 100, XNAS, 15.1, 100, ARCX, 16185, 244401, 15.1005, 100, 1, 200, 2, 0, 1, 1, 0, 0, 0
1635341929660, 15.09, 100, XNAS, 15.15, 100, EDGX, 15.12, 10, XADF, 16195, 244552, 15.1005, 200, 2, 100, 1, 1, 1, 1, 0, 0, 0
1635341929660, 15.09, 100, XNAS, 15.15, 100, EDGX, 15.12, 10, XADF, 16205, 244703, 15.1005, 200, 2, 100, 1, 1, 1, 1, 0, 0, 0
1635341931312, 15.09, 100, XNAS, 15.15, 100, EDGX, 15.12, 1, XNAS, 16206, 244718, 15.1005, 200, 2, 100, 1, 1, 0, 1, 0, 0, 0
1635341931312, 15.09, 100, XNAS, 15.15, 100, EDGX, 15.12, 39, XNAS, 16245, 245308, 15.1005, 200, 2, 100, 1, 1, 0, 1, 0, 0, 0
1635341931323, 15.09, 100, XNAS, 15.15, 100, EDGX, 15.15, 100, XADF, 16345, 246823, 15.1008, 200, 2, 100, 1, 0, 1, 0, 1, 0, 0
1635341931325, 15.09, 100, XNAS, 15.15, 100, EDGX, 15.15, 100, XADF, 16445, 248338, 15.1011, 200, 2, 100, 1, 0, 1, 0, 1, 0, 0
1635341950670, 15.09, 100, ARCX, 15.15, 300, IEXG, 15.12, 100, XADF, 16545, 249850, 15.1012, 300, 3, 600, 4, 0, 1, 1, 0, 0, 0
1635341979288, 15.09, 100, XNAS, 15.15, 300, IEXG, 15.12, 10, EDGX, 16555, 250001, 15.1013, 300, 3, 600, 4, 1, 0, 1, 0, 0, 0
1635341990338, 15.09, 100, XNAS, 15.15, 300, IEXG, 15.12, 10, EDGX, 16565, 250152, 15.1013, 300, 3, 600, 4, 1, 0, 1, 0, 0, 0
1635341991110, 15.09, 100, XNAS, 15.15, 300, IEXG, 15.1, 1, XADF, 16566, 250168, 15.1013, 300, 3, 500, 3, 1, 1, 0, 0, 1, 0
1635342013959, 15.09, 100, ARCX, 15.15, 300, IEXG, 15.1, 3, XNAS, 16569, 250213, 15.1013, 100, 1, 700, 4, 1, 0, 0, 0, 1, 0
1635342013959, 15.09, 100, ARCX, 15.15, 300, IEXG, 15.09, 2, XNAS, 16571, 250243, 15.1013, 100, 1, 700, 4, 1, 0, 0, 0, 1, 0
1635342013959, 15.09, 100, ARCX, 15.15, 300, IEXG, 15.09, 2, XNAS, 16573, 250273, 15.1013, 100, 1, 700, 4, 1, 0, 0, 0, 1, 0
1635342013959, 15.09, 100, ARCX, 15.15, 300, IEXG, 15.09, 6, XNAS, 16579, 250364, 15.1013, 100, 1, 700, 4, 1, 0, 0, 0, 1, 0
1635342013959, 15.09, 100, ARCX, 15.15, 400, XNAS, 15.11, 10, EDGX, 16589, 250515, 15.1013, 100, 1, 900, 4, 1, 0, 0, 0, 1, 0
1635342013959, 15.09, 100, ARCX, 15.15, 400, XNAS, 15.09, 3, XNAS, 16592, 250560, 15.1013, 100, 1, 900, 4, 1, 0, 0, 0, 1, 0
1635342013959, 15.09, 100, ARCX, 15.15, 400, XNAS, 15.1, 5, EDGX, 16597, 250636, 15.1013, 100, 1, 1000, 5, 1, 0, 0, 0, 1, 0
1635342013959, 15.09, 100, ARCX, 15.13, 100, BATS, 15.1, 5, EDGX, 16602, 250711, 15.1013, 100, 1, 100, 1, 1, 0, 0, 0, 1, 0
1635342013959, 15.09, 100, ARCX, 15.11, 100, XNAS, 15.1, 10, EDGX, 16612, 250862, 15.1013, 100, 1, 100, 1, 1, 0, 1, 0, 0, 0
1635342013959, 15.09, 100, ARCX, 15.11, 100, XNAS, 15.1, 85, ARCX, 16697, 252146, 15.1013, 100, 1, 100, 1, 1, 0, 1, 0, 0, 0
1635342013959, 15.09, 100, ARCX, 15.11, 100, XNAS, 15.09, 15, ARCX, 16712, 252372, 15.1012, 100, 1, 100, 1, 1, 0, 0, 0, 1, 0
1635342013959, 15.08, 100, XNAS, 15.11, 100, XNAS, 15.09, 8, ARCX, 16720, 252493, 15.1012, 100, 1, 100, 1, 1, 0, 0, 0, 1, 0
1635342013959, 15.08, 100, XNAS, 15.11, 100, XNAS, 15.09, 4, ARCX, 16724, 252553, 15.1012, 100, 1, 200, 2, 1, 0, 0, 0, 1, 0
1635342013959, 15.08, 100, XNAS, 15.11, 300, MEMX, 15.09, 73, ARCX, 16797, 253655, 15.1012, 100, 1, 600, 4, 1, 0, 0, 0, 1, 0
1635342013964, 15.05, 100, XNAS, 15.11, 200, XNAS, 15.08, 4, XNAS, 16801, 253715, 15.1012, 100, 1, 700, 4, 1, 0, 1, 0, 0, 0
1635342013982, 15.03, 1400, BATS, 15.11, 200, BATS, 15.07, 5, IEXG, 16806, 253790, 15.1012, 2100, 2, 500, 3, 1, 0, 1, 0, 0, 0
1635342022179, 15.04, 300, XNAS, 15.09, 100, XNAS, 15.072, 5, XADF, 16811, 253866, 15.1012, 400, 2, 100, 1, 1, 1, 0, 1, 0, 0
1635342031707, 15.04, 300, XNAS, 15.09, 100, XNAS, 15.09, 100, XNAS, 16911, 255375, 15.1011, 400, 2, 100, 1, 0, 0, 0, 1, 0, 0
1635342031708, 15.04, 300, XNAS, 15.12, 100, XNAS, 15.09, 1, XNAS, 16912, 255390, 15.1011, 400, 2, 100, 1, 1, 0, 0, 1, 0, 0
1635342031708, 15.05, 200, XNAS, 15.13, 100, XNAS, 15.09, 4, EPRL, 16916, 255450, 15.1011, 200, 1, 100, 1, 1, 0, 1, 0, 0, 0
1635342055129, 15.07, 400, XNAS, 15.13, 100, XNAS, 15.0833, 1, XADF, 16917, 255465, 15.1011, 500, 2, 100, 1, 1, 1, 0, 0, 1, 0
1635342055130, 15.07, 400, XNAS, 15.13, 100, XNAS, 15.1, 11, XADF, 16928, 255631, 15.1011, 500, 2, 100, 1, 1, 1, 1, 0, 0, 0
1635342058881, 15.07, 400, XNAS, 15.13, 100, XNAS, 15.08, 4, EDGA, 16932, 255692, 15.1011, 500, 2, 100, 1, 1, 0, 0, 0, 1, 0
1635342079607, 15.07, 400, XNAS, 15.14, 200, BATS, 15.14, 3, XADF, 16935, 255737, 15.1011, 500, 2, 500, 4, 1, 1, 0, 1, 0, 0
1635342080224, 15.07, 400, XNAS, 15.14, 100, MEMX, 15.14, 14, XADF, 16949, 255949, 15.1011, 500, 2, 200, 2, 1, 1, 0, 1, 0, 0
1635342096799, 15.07, 400, XNAS, 15.14, 200, BATS, 15.1259, 3, XADF, 16952, 255994, 15.1011, 500, 2, 500, 4, 1, 1, 0, 1, 0, 0
1635342113066, 15.11, 100, XNAS, 15.15, 500, XNAS, 15.13, 50, IEXG, 17003, 256766, 15.1012, 200, 2, 900, 3, 1, 0, 1, 0, 0, 0
1635342113066, 15.11, 100, XNAS, 15.15, 500, XNAS, 15.13, 10, IEXG, 17013, 256917, 15.1012, 200, 2, 900, 3, 1, 0, 1, 0, 0, 0
1635342113068, 15.11, 100, XNAS, 15.15, 500, XNAS, 15.11, 40, XADF, 17053, 257522, 15.1013, 100, 1, 900, 3, 1, 1, 0, 0, 1, 0
1635342117025, 15.11, 200, XNAS, 15.15, 400, XNAS, 15.15, 4, XNAS, 17057, 257582, 15.1013, 400, 3, 800, 3, 1, 0, 0, 1, 0, 0
1635342117025, 15.11, 200, XNAS, 15.15, 400, XNAS, 15.14, 1, ARCX, 17058, 257597, 15.1013, 400, 3, 800, 3, 1, 0, 0, 1, 0, 0
1635342122455, 15.11, 200, XNAS, 15.15, 400, XNAS, 15.1483, 300, XADF, 17358, 262142, 15.1021, 500, 4, 800, 3, 0, 1, 0, 1, 0, 0
1635342123621, 15.11, 200, XNAS, 15.15, 400, XNAS, 15.15, 8, XNAS, 17366, 262263, 15.1021, 400, 3, 800, 3, 1, 0, 0, 1, 0, 0
1635342124618, 15.11, 200, XNAS, 15.15, 400, XNAS, 15.15, 42, XNAS, 17408, 262899, 15.1022, 400, 3, 800, 3, 1, 0, 0, 1, 0, 0
1635342124618, 15.11, 200, XNAS, 15.15, 200, EDGX, 15.15, 446, XNAS, 17854, 269656, 15.1034, 400, 3, 400, 2, 0, 1, 0, 1, 0, 0
1635342124618, 15.12, 100, XNAS, 15.15, 200, ARCX, 15.15, 100, EDGX, 17954, 271171, 15.1037, 100, 1, 300, 2, 0, 0, 0, 1, 0, 0
1635342124618, 15.12, 100, XNAS, 15.15, 200, ARCX, 15.15, 100, EDGX, 18054, 272686, 15.1039, 100, 1, 200, 1, 0, 1, 0, 1, 0, 0
1635342124618, 15.12, 100, XNAS, 15.15, 200, ARCX, 15.15, 1, MEMX, 18055, 272701, 15.1039, 100, 1, 200, 1, 1, 0, 0, 1, 0, 0
1635342124618, 15.12, 100, XNAS, 15.15, 200, ARCX, 15.15, 25, BATY, 18080, 273080, 15.104, 100, 1, 200, 1, 1, 0, 0, 1, 0, 0
1635342124618, 15.13, 100, BATS, 15.2, 500, XNAS, 15.15, 200, ARCX, 18280, 276110, 15.1045, 300, 3, 700, 3, 0, 1, 0, 0, 1, 0
1635342124697, 15.13, 300, IEXG, 15.19, 100, XNAS, 15.14, 17, IEXG, 18297, 276368, 15.1045, 500, 2, 100, 1, 1, 0, 0, 0, 1, 0
1635342134618, 15.13, 300, IEXG, 15.19, 200, XNAS, 15.19, 21, XADF, 18318, 276687, 15.1046, 1000, 7, 200, 1, 1, 1, 0, 1, 0, 0
1635342147402, 15.13, 300, IEXG, 15.19, 100, ARCX, 15.19, 7, XADF, 18325, 276793, 15.1047, 800, 6, 100, 1, 1, 1, 0, 1, 0, 0
1635342147410, 15.13, 300, IEXG, 15.19, 100, ARCX, 15.16, 100, XADF, 18425, 278309, 15.105, 800, 6, 100, 1, 0, 1, 1, 0, 0, 0
1635342178014, 15.16, 200, XNAS, 15.19, 100, XNAS, 15.19, 5, ARCX, 18430, 278385, 15.105, 400, 3, 100, 1, 1, 0, 0, 1, 0, 0
1635342179994, 15.16, 300, XNAS, 15.19, 100, XNAS, 15.175, 100, XADF, 18530, 279902, 15.1054, 600, 4, 100, 1, 0, 1, 1, 0, 0, 0
1635342179996, 15.16, 300, XNAS, 15.2, 500, XNAS, 15.19, 100, XNAS, 18630, 281421, 15.1058, 600, 4, 500, 1, 0, 1, 0, 1, 0, 0
1635342179996, 15.16, 300, XNAS, 15.2, 500, XNAS, 15.19, 1, XNAS, 18631, 281437, 15.1058, 600, 4, 500, 1, 1, 0, 0, 1, 0, 0
1635342179996, 15.16, 300, XNAS, 15.2, 500, XNAS, 15.2, 75, XNAS, 18706, 282577, 15.1062, 600, 4, 500, 1, 1, 0, 0, 1, 0, 0
1635342179996, 15.16, 300, XNAS, 15.2, 400, XNAS, 15.2, 150, XNAS, 18856, 284857, 15.1069, 600, 4, 400, 1, 0, 0, 0, 1, 0, 0
1635342179996, 15.16, 300, XNAS, 15.2, 100, XNAS, 15.2, 150, XNAS, 19006, 287137, 15.1077, 600, 4, 100, 1, 0, 0, 0, 1, 0, 0
1635342179996, 15.16, 300, XNAS, 15.21, 100, XNAS, 15.2, 125, XNAS, 19131, 289037, 15.1083, 600, 4, 100, 1, 0, 1, 0, 1, 0, 0
1635342179996, 15.18, 100, XNAS, 15.21, 100, XNAS, 15.2, 1, MEMX, 19132, 289052, 15.1083, 100, 1, 100, 1, 1, 0, 0, 1, 0, 0
1635342179996, 15.18, 100, XNAS, 15.21, 100, XNAS, 15.2, 1, EDGX, 19133, 289067, 15.1083, 100, 1, 100, 1, 1, 0, 0, 1, 0, 0
1635342179996, 15.19, 100, MEMX, 15.21, 100, XNAS, 15.2, 4, EPRL, 19137, 289128, 15.1083, 200, 2, 100, 1, 1, 0, 1, 0, 0, 0
1635342179996, 15.19, 100, MEMX, 15.21, 100, XNAS, 15.19, 95, ARCX, 19232, 290571, 15.1087, 300, 3, 100, 1, 1, 0, 0, 0, 1, 0
1635342179997, 15.19, 100, MEMX, 15.23, 100, MEMX, 15.21, 52, XNAS, 19284, 291362, 15.109, 300, 3, 200, 2, 1, 0, 1, 0, 0, 0
1635342180000, 15.2, 200, MEMX, 15.24, 200, XNYS, 15.19, 100, XADF, 19384, 292881, 15.1094, 400, 3, 300, 2, 0, 1, 0, 0, 1, 1
1635342180032, 15.2, 200, XNAS, 15.24, 200, XNYS, 15.225, 10, IEXG, 19394, 293033, 15.1095, 400, 3, 300, 2, 1, 0, 0, 1, 0, 0
1635342180034, 15.2, 200, XNAS, 15.24, 200, XNYS, 15.2, 60, XADF, 19454, 293945, 15.1097, 400, 3, 300, 2, 1, 1, 0, 0, 1, 0
1635342180035, 15.2, 200, XNAS, 15.24, 200, XNYS, 15.2, 1, XADF, 19455, 293960, 15.1097, 400, 3, 300, 2, 1, 1, 0, 0, 1, 0
1635342180035, 15.2, 200, XNAS, 15.24, 200, XNYS, 15.2, 39, BATS, 19494, 294553, 15.1099, 300, 2, 300, 2, 1, 0, 0, 0, 1, 0
1635342189462, 15.2, 200, XNAS, 15.26, 300, XNAS, 15.26, 10, XADF, 19504, 294706, 15.11, 500, 4, 500, 3, 1, 1, 0, 1, 0, 0
1635342194626, 15.2, 300, XNAS, 15.26, 300, XNAS, 15.26, 1, XADF, 19505, 294721, 15.11, 800, 4, 400, 2, 1, 1, 0, 1, 0, 0
1635342194626, 15.2, 300, XNAS, 15.26, 300, XNAS, 15.26, 16, XADF, 19521, 294965, 15.1101, 800, 4, 400, 2, 1, 1, 0, 1, 0, 0
1635342197845, 15.2, 300, XNAS, 15.26, 300, XNAS, 15.26, 84, XADF, 19605, 296247, 15.1108, 1100, 6, 400, 2, 1, 1, 0, 1, 0, 0
1635342197845, 15.2, 300, XNAS, 15.26, 300, XNAS, 15.26, 6, XNAS, 19611, 296338, 15.1108, 1100, 6, 400, 2, 1, 0, 0, 1, 0, 0
1635342197845, 15.2, 300, XNAS, 15.26, 300, XNAS, 15.26, 94, XNAS, 19705, 297773, 15.1115, 1100, 6, 400, 2, 1, 0, 0, 1, 0, 0
1635342197845, 15.2, 300, XNAS, 15.26, 200, XNAS, 15.26, 148, XNAS, 19853, 300031, 15.1126, 1100, 6, 300, 2, 0, 0, 0, 1, 0, 0
1635342197845, 15.2, 300, IEXG, 15.26, 100, ARCX, 15.26, 100, XNAS, 19953, 301557, 15.1134, 1100, 6, 100, 1, 0, 1, 0, 1, 0, 0
1635342197845, 15.23, 100, XNAS, 15.26, 100, ARCX, 15.26, 28, XNAS, 19981, 301985, 15.1136, 100, 1, 100, 1, 1, 0, 0, 1, 0, 0
1635342197846, 15.23, 100, XNAS, 15.26, 100, ARCX, 15.26, 20, XNAS, 20001, 302290, 15.1137, 100, 1, 100, 1, 1, 0, 0, 1, 0, 0
1635342197846, 15.23, 100, XNAS, 15.26, 100, ARCX, 15.26, 8, XNAS, 20009, 302412, 15.1138, 100, 1, 100, 1, 1, 0, 0, 1, 0, 0
1635342197846, 15.23, 100, XNAS, 15.26, 100, ARCX, 15.26, 50, XNAS, 20059, 303175, 15.1142, 100, 1, 100, 1, 1, 0, 0, 1, 0, 0
1635342197846, 15.23, 100, XNAS, 15.26, 100, ARCX, 15.26, 50, XNAS, 20109, 303938, 15.1145, 100, 1, 100, 1, 1, 0, 0, 1, 0, 0
1635342197846, 15.23, 100, XNAS, 15.26, 100, ARCX, 15.26, 16, XNAS, 20125, 304182, 15.1146, 100, 1, 100, 1, 1, 0, 0, 1, 0, 0
1635342197846, 15.23, 100, XNAS, 15.26, 100, ARCX, 15.26, 8, XNAS, 20133, 304304, 15.1147, 100, 1, 100, 1, 1, 0, 0, 1, 0, 0
1635342197846, 15.23, 100, XNAS, 15.26, 100, ARCX, 15.26, 50, XNAS, 20183, 305067, 15.1151, 100, 1, 100, 1, 1, 0, 0, 1, 0, 0
1635342197846, 15.23, 100, XNAS, 15.26, 100, ARCX, 15.26, 30, XNAS, 20213, 305525, 15.1153, 300, 3, 100, 1, 1, 0, 0, 1, 0, 0
1635342197846, 15.23, 100, XNAS, 15.26, 100, ARCX, 15.26, 33, ARCX, 20246, 306028, 15.1155, 400, 4, 100, 1, 1, 0, 0, 1, 0, 0
1635342197846, 15.23, 100, XNAS, 15.29, 100, XNAS, 15.26, 40, ARCX, 20286, 306639, 15.1158, 400, 4, 100, 1, 1, 0, 1, 0, 0, 0
1635342197846, 15.23, 100, XNAS, 15.29, 100, XNAS, 15.26, 27, ARCX, 20313, 307051, 15.116, 400, 4, 100, 1, 1, 0, 1, 0, 0, 0
1635342197846, 15.24, 100, MEMX, 15.3, 100, XNAS, 15.29, 100, XNAS, 20413, 308580, 15.1168, 300, 3, 100, 1, 0, 1, 0, 1, 0, 0
1635342237947, 15.29, 100, EDGX, 15.31, 200, ARCX, 15.29, 16, XNAS, 20430, 308840, 15.117, 100, 1, 300, 2, 1, 0, 0, 0, 1, 0
1635342237947, 15.29, 100, EDGX, 15.31, 200, ARCX, 15.29, 100, XNAS, 20530, 310369, 15.1178, 100, 1, 300, 2, 0, 1, 0, 0, 1, 0
1635342237948, 15.27, 500, XNAS, 15.3, 100, XNAS, 15.29, 100, EDGX, 20630, 311898, 15.1187, 900, 3, 100, 1, 0, 1, 0, 1, 0, 0
1635342237948, 15.27, 500, XNAS, 15.3, 100, XNAS, 15.29, 54, EDGX, 20684, 312723, 15.1191, 900, 3, 300, 3, 1, 0, 0, 1, 0, 0
1635342237948, 15.27, 500, XNAS, 15.3, 100, XNAS, 15.29, 6, ARCX, 20690, 312815, 15.1191, 900, 3, 300, 3, 1, 0, 0, 1, 0, 0
1635342237948, 15.27, 500, XNAS, 15.3, 100, XNAS, 15.29, 46, EDGX, 20736, 313519, 15.1195, 900, 3, 300, 3, 1, 0, 0, 1, 0, 0
1635342237957, 15.27, 400, XNAS, 15.3, 100, XNAS, 15.285, 100, XADF, 20836, 315047, 15.1203, 500, 2, 400, 4, 0, 1, 1, 0, 0, 0
1635342238139, 15.27, 400, XNAS, 15.3, 100, XNAS, 15.285, 100, XADF, 20936, 316576, 15.1211, 700, 4, 300, 3, 0, 1, 1, 0, 0, 0
1635342239064, 15.27, 400, XNAS, 15.3, 100, XNAS, 15.2892, 2, XADF, 20938, 316606, 15.1211, 500, 2, 300, 3, 1, 1, 0, 1, 0, 0
1635342239165, 15.27, 400, XNAS, 15.3, 100, XNAS, 15.3, 100, XADF, 21038, 318136, 15.122, 500, 2, 300, 3, 0, 1, 0, 1, 0, 0
1635342247724, 15.27, 500, XNAS, 15.31, 200, ARCX, 15.31, 13, XADF, 21051, 318335, 15.1221, 800, 4, 300, 2, 1, 1, 0, 1, 0, 0
1635342252662, 15.27, 500, XNAS, 15.31, 200, ARCX, 15.31, 10, XADF, 21062, 318504, 15.1222, 700, 3, 400, 3, 1, 1, 0, 1, 0, 0
1635342269022, 15.27, 700, XNAS, 15.31, 200, ARCX, 15.27, 100, ARCX, 21162, 320031, 15.1229, 900, 3, 300, 2, 0, 0, 0, 0, 1, 0
1635342269023, 15.27, 200, XNAS, 15.31, 200, ARCX, 15.27, 200, XNAS, 21362, 323085, 15.1243, 300, 2, 200, 1, 0, 0, 0, 0, 1, 0
1635342269023, 15.27, 100, ARCX, 15.31, 200, ARCX, 15.27, 200, XNAS, 21562, 326139, 15.1256, 100, 1, 200, 1, 0, 1, 0, 0, 1, 0
1635342269023, 15.27, 100, ARCX, 15.31, 200, ARCX, 15.27, 1, XNAS, 21563, 326154, 15.1256, 100, 1, 200, 1, 1, 0, 0, 0, 1, 0
1635342269023, 15.27, 100, ARCX, 15.31, 200, ARCX, 15.27, 5, XNAS, 21568, 326230, 15.1257, 100, 1, 200, 1, 1, 0, 0, 0, 1, 0
1635342269023, 15.27, 100, ARCX, 15.31, 200, ARCX, 15.27, 163, XNAS, 21731, 328719, 15.1267, 100, 1, 200, 1, 0, 1, 0, 0, 1, 0
1635342269023, 15.27, 100, ARCX, 15.31, 200, ARCX, 15.27, 38, XNAS, 21769, 329299, 15.127, 100, 1, 200, 1, 1, 0, 0, 0, 1, 0
1635342269023, 15.27, 100, ARCX, 15.31, 200, ARCX, 15.27, 93, XNAS, 21862, 330720, 15.1276, 100, 1, 200, 1, 1, 0, 0, 0, 1, 0
1635342269023, 15.27, 100, ARCX, 15.3, 100, XNAS, 15.27, 50, XNAS, 21912, 331483, 15.1279, 200, 2, 100, 1, 1, 0, 0, 0, 1, 0
1635342269023, 15.27, 200, XNAS, 15.3, 100, XNAS, 15.27, 1, BATS, 21913, 331498, 15.1279, 300, 2, 100, 1, 1, 0, 0, 0, 1, 0
1635342269023, 15.27, 100, ARCX, 15.29, 100, BATS, 15.27, 100, XNAS, 22013, 333025, 15.1286, 100, 1, 300, 3, 0, 1, 0, 0, 1, 0
1635342269023, 15.27, 100, ARCX, 15.29, 100, BATS, 15.27, 50, XNAS, 22063, 333789, 15.1289, 100, 1, 300, 3, 1, 0, 0, 0, 1, 0
1635342269023, 15.27, 100, ARCX, 15.29, 100, BATS, 15.27, 50, XNAS, 22113, 334552, 15.1292, 100, 1, 300, 3, 1, 0, 0, 0, 1, 0
1635342269023, 15.27, 100, ARCX, 15.29, 100, BATS, 15.27, 50, XNAS, 22163, 335316, 15.1295, 100, 1, 300, 3, 1, 0, 0, 0, 1, 0
1635342269023, 15.27, 200, XNAS, 15.29, 100, BATS, 15.27, 100, ARCX, 22263, 336843, 15.1302, 200, 1, 400, 4, 0, 1, 0, 0, 1, 0
1635342269023, 15.27, 200, XNAS, 15.29, 100, BATS, 15.27, 67, ARCX, 22330, 337866, 15.1306, 200, 1, 400, 4, 1, 0, 0, 0, 1, 0
1635342269023, 15.26, 100, ARCX, 15.29, 100, BATS, 15.27, 200, XNAS, 22530, 340920, 15.1318, 100, 1, 500, 5, 0, 1, 0, 0, 1, 0
1635342269024, 15.27, 200, XNAS, 15.29, 200, XNYS, 15.27, 3, IEXG, 22569, 341515, 15.1321, 200, 1, 400, 3, 1, 0, 0, 0, 1, 0
1635342269025, 15.27, 100, MEMX, 15.29, 100, XNAS, 15.27, 200, XNAS, 22769, 344569, 15.1333, 100, 1, 100, 1, 0, 1, 0, 0, 1, 0
1635342269093, 15.26, 100, ARCX, 15.29, 100, XNAS, 15.26, 68, XADF, 22837, 345607, 15.1336, 200, 2, 200, 2, 1, 1, 0, 0, 1, 0
1635342269093, 15.26, 100, ARCX, 15.29, 100, XNAS, 15.27, 7, XNAS, 22844, 345714, 15.1337, 200, 2, 200, 2, 1, 0, 0, 0, 1, 0
1635342269093, 15.26, 100, ARCX, 15.29, 100, XNAS, 15.26, 25, ARCX, 22869, 346096, 15.1338, 200, 2, 100, 1, 1, 0, 0, 0, 1, 0
1635342271938, 15.26, 100, IEXG, 15.31, 200, ARCX, 15.29, 1, XNAS, 22870, 346111, 15.1338, 200, 2, 300, 2, 1, 0, 0, 1, 0, 0
1635342271938, 15.26, 100, IEXG, 15.31, 200, ARCX, 15.29, 1, XNAS, 22871, 346126, 15.1338, 200, 2, 300, 2, 1, 0, 0, 1, 0, 0
1635342280662, 15.27, 100, IEXG, 15.31, 200, ARCX, 15.29, 1, XADF, 22872, 346141, 15.1338, 100, 1, 200, 1, 1, 1, 1, 0, 0, 0
1635342280666, 15.27, 100, IEXG, 15.31, 200, ARCX, 15.2812, 3, XADF, 22875, 346187, 15.1339, 100, 1, 200, 1, 1, 1, 0, 0, 1, 0
1635342297008, 15.27, 100, IEXG, 15.31, 200, ARCX, 15.29, 100, XADF, 22975, 347716, 15.1345, 100, 1, 400, 3, 0, 1, 1, 0, 0, 0
1635342301498, 15.27, 400, XNAS, 15.31, 200, ARCX, 15.31, 1, XNAS, 22976, 347732, 15.1346, 900, 4, 200, 1, 1, 0, 0, 1, 0, 0
1635342301498, 15.27, 400, XNAS, 15.31, 200, ARCX, 15.31, 100, XNAS, 23076, 349263, 15.1353, 900, 4, 200, 1, 0, 1, 0, 1, 0, 0
1635342301498, 15.27, 400, XNAS, 15.31, 200, ARCX, 15.31, 1, XNAS, 23077, 349278, 15.1353, 900, 4, 200, 1, 1, 0, 0, 1, 0, 0
1635342301498, 15.27, 400, XNAS, 15.31, 200, ARCX, 15.31, 28, XNAS, 23105, 349707, 15.1355, 900, 4, 200, 1, 1, 0, 0, 1, 0, 0
1635342301498, 15.27, 400, XNAS, 15.31, 200, ARCX, 15.31, 12, XNAS, 23117, 349890, 15.1356, 900, 4, 200, 1, 1, 0, 0, 1, 0, 0
1635342301498, 15.27, 500, XNAS, 15.31, 200, ARCX, 15.31, 4, XNAS, 23121, 349951, 15.1357, 1000, 4, 200, 1, 1, 0, 0, 1, 0, 0
1635342301498, 15.27, 500, XNAS, 15.31, 200, ARCX, 15.31, 74, XNAS, 23195, 351084, 15.1362, 1000, 4, 200, 1, 1, 0, 0, 1, 0, 0
1635342301498, 15.29, 100, XNAS, 15.31, 200, ARCX, 15.31, 2, XNAS, 23197, 351115, 15.1362, 100, 1, 200, 1, 1, 0, 0, 1, 0, 0
1635342301498, 15.29, 100, XNAS, 15.34, 100, BATS, 15.31, 200, ARCX, 23397, 354177, 15.1377, 100, 1, 200, 2, 0, 1, 0, 0, 1, 0
1635342301498, 15.29, 100, XNAS, 15.34, 100, BATS, 15.31, 1, ARCX, 23398, 354192, 15.1377, 100, 1, 200, 2, 1, 0, 0, 0, 1, 0
1635342301498, 15.29, 100, XNAS, 15.34, 100, BATS, 15.31, 50, XNAS, 23448, 354958, 15.1381, 100, 1, 200, 2, 1, 0, 0, 0, 1, 0
1635342301498, 15.29, 100, XNAS, 15.34, 100, BATS, 15.32, 16, EDGX, 23464, 355203, 15.1382, 100, 1, 200, 2, 1, 0, 0, 1, 0, 0
1635342301498, 15.29, 100, XNAS, 15.34, 100, EDGX, 15.31, 30, XNAS, 23494, 355662, 15.1384, 100, 1, 200, 2, 1, 0, 0, 0, 1, 0
1635342301499, 15.3, 100, BATS, 15.35, 100, XNAS, 15.31, 3, XNYS, 23497, 355708, 15.1385, 300, 3, 200, 2, 1, 0, 0, 0, 1, 0
1635342308299, 15.28, 300, IEXG, 15.34, 300, XNAS, 15.31, 372, XADF, 23869, 361404, 15.1411, 600, 3, 300, 1, 0, 1, 1, 0, 0, 0
1635342313771, 15.28, 300, IEXG, 15.34, 300, XNAS, 15.31, 97, XNYS, 23966, 362889, 15.1418, 600, 3, 500, 2, 1, 0, 1, 0, 0, 0
1635342320638, 15.28, 200, EDGX, 15.34, 300, XNAS, 15.31, 10, IEXG, 23976, 363042, 15.1419, 300, 2, 700, 3, 1, 0, 1, 0, 0, 0
1635342327373, 15.28, 200, XNAS, 15.33, 200, XNAS, 15.31, 3, XNAS, 23979, 363088, 15.1419, 400, 3, 200, 1, 1, 0, 0, 1, 0, 0
1635342345375, 15.28, 300, IEXG, 15.33, 200, XNAS, 15.31, 18, XNAS, 23997, 363363, 15.142, 700, 4, 200, 1, 1, 0, 0, 1, 0, 0
1635342345375, 15.28, 300, IEXG, 15.33, 200, XNAS, 15.31, 69, XNAS, 24066, 364420, 15.1425, 800, 4, 200, 1, 1, 0, 0, 1, 0, 0
1635342345950, 15.29, 400, XNAS, 15.34, 100, IEXG, 15.33, 1, XNAS, 24067, 364435, 15.1425, 600, 3, 200, 2, 1, 0, 0, 1, 0, 0
1635342345950, 15.29, 400, XNAS, 15.34, 100, IEXG, 15.33, 1, XNAS, 24068, 364450, 15.1425, 600, 3, 200, 2, 1, 0, 0, 1, 0, 0
1635342360860, 15.32, 100, BATS, 15.35, 100, ARCX, 15.34, 4, BATS, 24072, 364512, 15.1426, 300, 3, 100, 1, 1, 0, 0, 1, 0, 0
1635342361020, 15.32, 200, XNAS, 15.35, 100, ARCX, 15.35, 6, EDGX, 24078, 364604, 15.1426, 400, 3, 100, 1, 1, 0, 0, 1, 0, 0
1635342385966, 15.33, 100, XNAS, 15.35, 100, ARCX, 15.35, 100, XADF, 24178, 366139, 15.1435, 300, 3, 100, 1, 0, 1, 0, 1, 0, 0
1635342387005, 15.33, 100, XNAS, 15.35, 100, ARCX, 15.34, 21, ARCX, 24199, 366461, 15.1436, 300, 3, 100, 1, 1, 0, 1, 0, 0, 0
1635342387005, 15.33, 100, XNAS, 15.35, 100, ARCX, 15.34, 2, ARCX, 24201, 366492, 15.1437, 300, 3, 100, 1, 1, 0, 1, 0, 0, 0
1635342387006, 15.33, 100, XNAS, 15.35, 100, ARCX, 15.34, 22, ARCX, 24223, 366829, 15.1438, 300, 3, 100, 1, 1, 0, 1, 0, 0, 0
1635342387007, 15.33, 100, XNAS, 15.35, 100, ARCX, 15.35, 9, EDGX, 24232, 366967, 15.1439, 300, 3, 100, 1, 1, 0, 0, 1, 0, 0
1635342387007, 15.33, 100, XNAS, 15.35, 100, ARCX, 15.34, 59, ARCX, 24291, 367872, 15.1444, 300, 3, 100, 1, 1, 0, 1, 0, 0, 0
1635342387008, 15.33, 100, XNAS, 15.35, 100, ARCX, 15.34, 96, ARCX, 24387, 369345, 15.1452, 300, 3, 100, 1, 1, 0, 1, 0, 0, 0
1635342387008, 15.33, 100, XNAS, 15.35, 100, ARCX, 15.35, 6, ARCX, 24393, 369437, 15.1452, 300, 3, 100, 1, 1, 0, 0, 1, 0, 0
1635342387008, 15.33, 100, XNAS, 15.36, 200, ARCX, 15.35, 93, ARCX, 24486, 370865, 15.146, 300, 3, 300, 2, 1, 0, 0, 1, 0, 0
1635342387008, 15.35, 100, EDGX, 15.36, 200, ARCX, 15.35, 100, XNAS, 24586, 372400, 15.1468, 200, 2, 300, 2, 0, 1, 0, 0, 1, 0
1635342387008, 15.35, 100, EDGX, 15.36, 200, ARCX, 15.35, 100, EDGX, 24686, 373935, 15.1476, 200, 2, 300, 2, 0, 0, 0, 0, 1, 0
1635342387008, 15.35, 100, BATS, 15.36, 200, ARCX, 15.35, 100, BATS, 24786, 375470, 15.1485, 200, 2, 300, 2, 0, 0, 0, 0, 1, 0
1635342387008, 15.35, 100, MEMX, 15.36, 200, ARCX, 15.35, 29, MEMX, 24815, 375915, 15.1487, 100, 1, 300, 2, 1, 0, 0, 0, 1, 0
1635342387008, 15.34, 100, XNYS, 15.36, 200, ARCX, 15.35, 1, ARCX, 24816, 375930, 15.1487, 300, 3, 300, 2, 1, 0, 1, 0, 0, 0
1635342387008, 15.34, 100, XNYS, 15.36, 200, ARCX, 15.35, 1, ARCX, 24817, 375945, 15.1487, 300, 3, 300, 2, 1, 0, 1, 0, 0, 0
1635342387008, 15.34, 100, XNYS, 15.36, 200, ARCX, 15.35, 1, ARCX, 24818, 375961, 15.1487, 300, 3, 300, 2, 1, 0, 1, 0, 0, 0
1635342387008, 15.34, 100, XNYS, 15.36, 200, ARCX, 15.35, 71, MEMX, 24889, 377051, 15.1493, 300, 3, 300, 2, 1, 0, 1, 0, 0, 0
1635342387008, 15.34, 100, XNYS, 15.36, 200, ARCX, 15.36, 93, MEMX, 24982, 378479, 15.1501, 300, 3, 300, 2, 1, 0, 0, 1, 0, 0
1635342387014, 15.34, 100, XNYS, 15.36, 100, ARCX, 15.36, 16, ARCX, 24998, 378725, 15.1502, 400, 4, 100, 1, 1, 0, 0, 1, 0, 0
1635342387182, 15.34, 100, XNYS, 15.39, 100, MEMX, 15.36, 100, ARCX, 25098, 380261, 15.151, 500, 5, 400, 4, 0, 1, 0, 0, 1, 0
1635342387207, 15.34, 100, XNYS, 15.39, 100, XNAS, 15.36, 100, XADF, 25198, 381797, 15.1519, 500, 5, 400, 4, 0, 1, 0, 0, 1, 0
1635342392286, 15.34, 100, EDGX, 15.39, 100, BATS, 15.36, 27, ARCX, 25225, 382212, 15.1521, 300, 3, 400, 4, 1, 0, 0, 0, 1, 0
1635342396632, 15.34, 200, XNAS, 15.39, 100, BATS, 15.365, 70, XADF, 25295, 383287, 15.1527, 400, 3, 400, 4, 1, 1, 1, 0, 0, 0
1635342398178, 15.34, 200, XNAS, 15.39, 100, BATS, 15.365, 10, XADF, 25305, 383441, 15.1528, 300, 2, 400, 4, 1, 1, 1, 0, 0, 0
1635342401762, 15.34, 200, XNAS, 15.39, 100, BATS, 15.36, 16, ARCX, 25321, 383686, 15.1529, 300, 2, 400, 4, 1, 0, 0, 0, 1, 0
1635342407173, 15.34, 200, XNAS, 15.39, 200, XNAS, 15.365, 10, XADF, 25331, 383840, 15.153, 300, 2, 600, 5, 1, 1, 1, 0, 0, 0
1635342407919, 15.34, 100, EDGX, 15.39, 100, BATS, 15.34, 100, XNAS, 25431, 385374, 15.1537, 100, 1, 500, 5, 0, 1, 0, 0, 1, 0
1635342407919, 15.34, 100, EDGX, 15.37, 100, XNAS, 15.34, 1, BATS, 25432, 385389, 15.1537, 100, 1, 100, 1, 1, 0, 0, 0, 1, 0
1635342407919, 15.33, 100, XNAS, 15.37, 100, XNAS, 15.34, 100, EDGX, 25532, 386923, 15.1545, 200, 2, 100, 1, 0, 1, 0, 0, 1, 0
1635342407920, 15.33, 100, EDGX, 15.37, 100, XNAS, 15.34, 23, XNAS, 25555, 387276, 15.1546, 100, 1, 100, 1, 1, 0, 0, 0, 1, 0
1635342407920, 15.33, 100, EDGX, 15.37, 100, XNAS, 15.33, 77, XNAS, 25632, 388457, 15.1551, 100, 1, 100, 1, 1, 0, 0, 0, 1, 0
1635342407920, 15.33, 100, EDGX, 15.37, 300, BATS, 15.34, 9, XNYS, 25641, 388595, 15.1552, 100, 1, 600, 3, 1, 0, 0, 0, 1, 0
1635342407920, 15.33, 100, EDGX, 15.37, 300, BATS, 15.34, 5, XNYS, 25646, 388671, 15.1552, 100, 1, 600, 3, 1, 0, 0, 0, 1, 0
1635342407920, 15.33, 100, EDGX, 15.37, 300, BATS, 15.34, 4, ARCX, 25650, 388733, 15.1553, 100, 1, 600, 3, 1, 0, 0, 0, 1, 0
1635342407920, 15.33, 100, EDGX, 15.37, 300, BATS, 15.34, 5, XNYS, 25655, 388810, 15.1553, 100, 1, 700, 4, 1, 0, 0, 0, 1, 0
1635342407920, 15.32, 100, XNAS, 15.35, 100, XNYS, 15.33, 100, EDGX, 25755, 390343, 15.156, 100, 1, 100, 1, 0, 1, 0, 0, 1, 0
1635342407920, 15.32, 100, XNAS, 15.35, 100, XNYS, 15.34, 5, XNYS, 25760, 390419, 15.156, 100, 1, 200, 2, 1, 0, 0, 1, 0, 0
1635342407920, 15.32, 100, XNAS, 15.35, 100, XNYS, 15.34, 3, XNYS, 25763, 390465, 15.156, 100, 1, 200, 2, 1, 0, 0, 1, 0, 0
1635342407920, 15.32, 100, XNAS, 15.35, 100, XNYS, 15.34, 5, XNYS, 25768, 390542, 15.1561, 100, 1, 200, 2, 1, 0, 0, 1, 0, 0
1635342407920, 15.32, 100, XNAS, 15.35, 100, XNYS, 15.34, 3, XNYS, 25771, 390588, 15.1561, 100, 1, 200, 2, 1, 0, 0, 1, 0, 0
1635342407920, 15.32, 100, XNAS, 15.35, 100, XNYS, 15.34, 3, XNYS, 25774, 390634, 15.1561, 100, 1, 200, 2, 1, 0, 0, 1, 0, 0
1635342407920, 15.32, 100, XNAS, 15.35, 100, XNYS, 15.34, 67, XNYS, 25841, 391662, 15.1566, 100, 1, 200, 2, 1, 0, 0, 1, 0, 0
1635342407921, 15.32, 100, XNAS, 15.35, 100, XNYS, 15.335, 10, IEXG, 25851, 391815, 15.1567, 100, 1, 200, 2, 1, 0, 1, 0, 0, 0
1635342407921, 15.32, 100, XNAS, 15.35, 100, XNYS, 15.335, 10, IEXG, 25861, 391968, 15.1567, 100, 1, 200, 2, 1, 0, 1, 0, 0, 0
1635342418149, 15.32, 200, MEMX, 15.37, 200, MEMX, 15.35, 1, XNAS, 25862, 391984, 15.1567, 400, 2, 200, 1, 1, 0, 0, 1, 0, 0
1635342418149, 15.32, 200, MEMX, 15.37, 200, MEMX, 15.37, 100, XNAS, 25962, 393521, 15.1576, 400, 2, 200, 1, 0, 1, 0, 1, 0, 0
1635342418149, 15.32, 200, MEMX, 15.37, 200, MEMX, 15.37, 1, XNAS, 25963, 393536, 15.1576, 400, 2, 200, 1, 1, 0, 0, 1, 0, 0
1635342418149, 15.33, 100, XNAS, 15.37, 100, XNAS, 15.37, 100, MEMX, 26063, 395073, 15.1584, 100, 1, 100, 1, 0, 1, 0, 1, 0, 0
1635342418149, 15.33, 100, XNAS, 15.37, 100, XNAS, 15.37, 100, MEMX, 26163, 396610, 15.1592, 100, 1, 100, 1, 0, 1, 0, 1, 0, 0
1635342418150, 15.35, 100, EDGX, 15.39, 100, XNAS, 15.36, 41, ARCX, 26204, 397240, 15.1595, 200, 2, 400, 4, 1, 0, 0, 0, 1, 0
1635342418150, 15.35, 100, EDGX, 15.39, 100, XNAS, 15.37, 4, ARCX, 26208, 397301, 15.1595, 200, 2, 400, 4, 1, 0, 1, 0, 0, 0
1635342418150, 15.35, 100, EDGX, 15.39, 100, XNAS, 15.3575, 100, XADF, 26308, 398837, 15.1603, 200, 2, 400, 4, 0, 1, 0, 0, 1, 0
1635342418150, 15.35, 100, EDGX, 15.39, 200, XNAS, 15.345, 100, XADF, 26408, 400372, 15.161, 200, 2, 200, 1, 0, 1, 0, 0, 1, 1
1635342418150, 15.35, 100, EDGX, 15.39, 200, XNAS, 15.37, 84, XADF, 26492, 401663, 15.1617, 200, 2, 200, 1, 1, 1, 1, 0, 0, 0
1635342418150, 15.35, 100, EDGX, 15.39, 200, XNAS, 15.37, 16, XADF, 26508, 401909, 15.1618, 200, 2, 200, 1, 1, 1, 1, 0, 0, 0
1635342418150, 15.35, 100, EDGX, 15.39, 200, XNAS, 15.37, 84, XADF, 26592, 403200, 15.1624, 200, 2, 200, 1, 1, 1, 1, 0, 0, 0
1635342418150, 15.35, 100, EDGX, 15.39, 100, XNAS, 15.37, 100, XADF, 26692, 404737, 15.1632, 200, 2, 100, 1, 0, 1, 1, 0, 0, 0
1635342418151, 15.34, 200, XNYS, 15.39, 100, XNAS, 15.3575, 100, XADF, 26792, 406273, 15.1639, 200, 1, 100, 1, 0, 1, 0, 0, 1, 0
1635342418151, 15.34, 100, XNYS, 15.39, 100, XNAS, 15.37, 100, XADF, 26892, 407810, 15.1647, 100, 1, 100, 1, 0, 1, 0, 1, 0, 0
1635342418151, 15.35, 100, XNAS, 15.39, 100, XNAS, 15.37, 100, IEXG, 26992, 409347, 15.1655, 100, 1, 100, 1, 0, 1, 1, 0, 0, 0
1635342418152, 15.34, 100, IEXG, 15.39, 100, XNAS, 15.37, 269, IEXG, 27261, 413481, 15.1675, 100, 1, 100, 1, 0, 1, 0, 1, 0, 0
1635342418154, 15.34, 100, IEXG, 15.39, 100, XNAS, 15.37, 100, XADF, 27361, 415018, 15.1682, 100, 1, 100, 1, 0, 1, 0, 1, 0, 0
1635342418987, 15.33, 100, IEXG, 15.39, 100, XNAS, 15.33, 100, XADF, 27461, 416551, 15.1688, 100, 1, 100, 1, 0, 1, 0, 0, 1, 0
1635342426124, 15.32, 200, XNAS, 15.39, 100, XNAS, 15.38, 25, ARCX, 27486, 416936, 15.169, 200, 1, 100, 1, 1, 0, 0, 1, 0, 0
1635342426125, 15.32, 200, XNAS, 15.39, 200, MEMX, 15.38, 26, ARCX, 27512, 417335, 15.1692, 400, 2, 300, 2, 1, 0, 0, 1, 0, 0
1635342454489, 15.32, 200, XNAS, 15.36, 200, XNAS, 15.33, 23, XNAS, 27535, 417688, 15.1693, 300, 2, 300, 2, 1, 0, 0, 0, 1, 0
1635342454489, 15.32, 200, XNAS, 15.36, 200, XNAS, 15.33, 10, XNAS, 27545, 417841, 15.1694, 300, 2, 300, 2, 1, 0, 0, 0, 1, 0
1635342454489, 15.32, 200, XNAS, 15.36, 200, XNAS, 15.32, 100, XNAS, 27645, 419373, 15.17, 300, 2, 300, 2, 0, 0, 0, 0, 1, 0
1635342454489, 15.32, 100, MEMX, 15.36, 200, XNAS, 15.32, 87, XNAS, 27732, 420706, 15.1704, 100, 1, 300, 2, 1, 0, 0, 0, 1, 0
1635342454489, 15.32, 100, MEMX, 15.36, 200, XNAS, 15.32, 13, XNAS, 27745, 420905, 15.1705, 100, 1, 300, 2, 1, 0, 0, 0, 1, 0
1635342454489, 15.32, 100, MEMX, 15.36, 200, XNAS, 15.32, 10, XNAS, 27755, 421059, 15.1705, 100, 1, 300, 2, 1, 0, 0, 0, 1, 0
1635342454489, 15.32, 100, MEMX, 15.36, 200, XNAS, 15.31, 100, XNAS, 27855, 422590, 15.171, 100, 1, 300, 2, 0, 0, 0, 0, 1, 1
1635342454490, 15.29, 100, BATS, 15.33, 100, XNAS, 15.32, 4, BATS, 27959, 424183, 15.1716, 300, 3, 100, 1, 1, 0, 0, 1, 0, 0
1635342454490, 15.28, 200, XNAS, 15.33, 200, BATS, 15.32, 10, IEXG, 27969, 424336, 15.1717, 200, 1, 700, 4, 1, 0, 0, 1, 0, 0
1635342468724, 15.27, 300, XNAS, 15.32, 100, XNAS, 15.32, 100, EDGA, 28069, 425868, 15.1722, 600, 4, 400, 4, 0, 0, 0, 1, 0, 0
1635342468724, 15.27, 300, XNAS, 15.32, 100, XNAS, 15.32, 35, ARCX, 28104, 426404, 15.1724, 500, 3, 300, 3, 1, 0, 0, 1, 0, 0
1635342468724, 15.27, 300, XNAS, 15.32, 100, XNAS, 15.32, 1, ARCX, 28105, 426420, 15.1724, 500, 3, 300, 3, 1, 0, 0, 1, 0, 0
1635342468725, 15.27, 300, XNAS, 15.32, 100, XNAS, 15.32, 67, XNAS, 28172, 427446, 15.1727, 500, 3, 300, 3, 1, 0, 0, 1, 0, 0
1635342468727, 15.27, 300, XNAS, 15.32, 100, IEXG, 15.32, 21, XNAS, 28193, 427768, 15.1728, 500, 3, 200, 2, 1, 0, 0, 1, 0, 0
1635342468740, 15.27, 400, XNAS, 15.33, 100, XNAS, 15.32, 12, XNAS, 28205, 427952, 15.1729, 1000, 5, 100, 1, 1, 0, 0, 1, 0, 0
1635342468740, 15.27, 500, XNAS, 15.33, 100, XNAS, 15.32, 1, MEMX, 28206, 427967, 15.1729, 1100, 5, 100, 1, 1, 0, 0, 1, 0, 0
1635342468783, 15.28, 500, XNAS, 15.32, 100, XNAS, 15.3, 100, XADF, 28306, 429497, 15.1733, 800, 2, 100, 1, 0, 1, 1, 0, 0, 0
1635342470764, 15.28, 300, IEXG, 15.32, 200, XNAS, 15.3, 100, XADF, 28406, 431027, 15.1738, 500, 2, 200, 1, 0, 1, 1, 0, 0, 0
1635342473438, 15.28, 200, XNAS, 15.32, 200, XNAS, 15.32, 16, XNAS, 28422, 431272, 15.1739, 500, 4, 200, 1, 1, 0, 0, 1, 0, 0
1635342476242, 15.29, 200, MEMX, 15.33, 100, XNAS, 15.32, 16, XNAS, 28438, 431517, 15.174, 300, 2, 100, 1, 1, 0, 0, 1, 0, 0
1635342476242, 15.29, 200, MEMX, 15.33, 100, XNAS, 15.32, 22, XNAS, 28460, 431854, 15.1741, 400, 2, 100, 1, 1, 0, 0, 1, 0, 0
1635342476343, 15.29, 200, MEMX, 15.34, 100, XNYS, 15.32, 46, XNAS, 28506, 432559, 15.1743, 300, 2, 200, 2, 1, 0, 0, 1, 0, 0
1635342476343, 15.29, 200, MEMX, 15.34, 100, XNYS, 15.33, 54, XNAS, 28560, 433387, 15.1746, 300, 2, 200, 2, 1, 0, 0, 1, 0, 0
1635342476343, 15.3, 100, EDGA, 15.34, 100, XNYS, 15.33, 100, XNAS, 28660, 434920, 15.1751, 100, 1, 200, 2, 0, 1, 0, 1, 0, 0
1635342492300, 15.3, 200, MEMX, 15.34, 300, IEXG, 15.34, 100, EDGA, 28760, 436454, 15.1757, 400, 2, 500, 3, 0, 1, 0, 1, 0, 0
1635342527452, 15.3, 100, XNAS, 15.34, 300, IEXG, 15.32, 30, EDGX, 28790, 436913, 15.1759, 100, 1, 500, 3, 1, 0, 1, 0, 0, 0
1635342527473, 15.3, 100, XNAS, 15.34, 300, IEXG, 15.32, 10, EDGX, 28800, 437066, 15.1759, 100, 1, 500, 3, 1, 0, 1, 0, 0, 0
1635342541016, 15.3, 100, XNAS, 15.34, 300, IEXG, 15.32, 5, XNAS, 28805, 437143, 15.1759, 100, 1, 500, 3, 1, 0, 1, 0, 0, 0
1635342544118, 15.3, 100, XNAS, 15.34, 100, XNYS, 15.3287, 2, XADF, 28807, 437174, 15.176, 100, 1, 200, 2, 1, 1, 0, 1, 0, 0
1635342561172, 15.29, 100, XNAS, 15.33, 100, XNAS, 15.3, 100, XNAS, 28907, 438704, 15.1764, 100, 1, 100, 1, 0, 1, 0, 0, 1, 0
1635342561172, 15.29, 100, XNAS, 15.33, 100, XNAS, 15.3, 6, XNAS, 28913, 438795, 15.1764, 100, 1, 100, 1, 1, 0, 0, 0, 1, 0
1635342561172, 15.29, 100, XNAS, 15.33, 100, XNAS, 15.3, 100, XNAS, 29013, 440325, 15.1768, 100, 1, 100, 1, 0, 1, 0, 0, 1, 0
1635342561172, 15.29, 100, XNAS, 15.32, 100, XNAS, 15.29, 100, XNAS, 29113, 441854, 15.1772, 100, 1, 100, 1, 0, 0, 0, 0, 1, 0
1635342561172, 15.28, 100, XNAS, 15.31, 100, XNAS, 15.29, 10, XNAS, 29123, 442007, 15.1773, 100, 1, 100, 1, 1, 0, 0, 0, 1, 0
1635342561172, 15.27, 100, EDGX, 15.3, 100, XNAS, 15.3, 8, EDGX, 29131, 442130, 15.1773, 200, 2, 100, 1, 1, 0, 0, 1, 0, 0
1635342561172, 15.27, 100, EDGX, 15.3, 100, XNAS, 15.3, 2, EDGX, 29133, 442160, 15.1773, 200, 2, 100, 1, 1, 0, 0, 1, 0, 0
1635342561172, 15.27, 100, EDGX, 15.3, 100, XNAS, 15.3, 16, ARCX, 29149, 442405, 15.1774, 100, 1, 100, 1, 1, 0, 0, 1, 0, 0
1635342561173, 15.27, 100, EDGX, 15.3, 200, XNAS, 15.285, 3, IEXG, 29152, 442451, 15.1774, 100, 1, 300, 2, 1, 0, 1, 0, 0, 0
1635342561174, 15.27, 100, EDGX, 15.3, 200, XNAS, 15.285, 3, IEXG, 29155, 442497, 15.1774, 100, 1, 300, 2, 1, 0, 1, 0, 0, 0
1635342561174, 15.27, 100, EDGX, 15.3, 200, XNAS, 15.285, 3, IEXG, 29158, 442543, 15.1774, 100, 1, 300, 2, 1, 0, 1, 0, 0, 0
1635342561174, 15.27, 100, EDGX, 15.3, 200, XNAS, 15.285, 100, IEXG, 29258, 444071, 15.1778, 100, 1, 300, 2, 0, 1, 1, 0, 0, 0
1635342561176, 15.27, 100, EDGX, 15.3, 200, XNAS, 15.3, 1, BATY, 29259, 444087, 15.1778, 100, 1, 300, 2, 1, 0, 0, 1, 0, 0
1635342561176, 15.27, 100, EDGX, 15.3, 200, XNAS, 15.29, 1, XNAS, 29260, 444102, 15.1778, 100, 1, 300, 2, 1, 0, 0, 1, 0, 0
1635342561176, 15.27, 100, EDGX, 15.3, 200, XNAS, 15.3, 199, XADF, 29459, 447147, 15.1786, 100, 1, 300, 2, 0, 1, 0, 1, 0, 0
1635342561236, 15.27, 100, EDGX, 15.3, 200, XNAS, 15.285, 10, IEXG, 29469, 447299, 15.1786, 100, 1, 500, 4, 1, 0, 1, 0, 0, 0
1635342561236, 15.27, 100, EDGX, 15.3, 200, XNAS, 15.285, 1, IEXG, 29470, 447315, 15.1786, 100, 1, 500, 4, 1, 0, 1, 0, 0, 0
1635342561238, 15.27, 100, EDGX, 15.3, 200, XNAS, 15.28, 20, XNAS, 29490, 447620, 15.1787, 100, 1, 500, 4, 1, 0, 0, 0, 1, 0
1635342561239, 15.26, 100, XNAS, 15.3, 200, XNAS, 15.27, 69, EDGX, 29559, 448674, 15.1789, 100, 1, 500, 4, 1, 0, 0, 0, 1, 0
1635342569018, 15.25, 300, XNAS, 15.3, 300, IEXG, 15.275, 1, XADF, 29560, 448689, 15.1789, 300, 1, 500, 3, 1, 1, 1, 0, 0, 0
1635342569784, 15.25, 300, XNAS, 15.3, 300, IEXG, 15.275, 400, IEXG, 29960, 454799, 15.1802, 300, 1, 500, 3, 0, 1, 1, 0, 0, 0
1635342573790, 15.25, 100, XNAS, 15.3, 300, IEXG, 15.275, 200, XNAS, 30160, 457854, 15.1808, 100, 1, 900, 5, 0, 1, 1, 0, 0, 0
1635342573790, 15.25, 100, XNAS, 15.3, 300, IEXG, 15.29, 100, MEMX, 30260, 459383, 15.1812, 100, 1, 800, 5, 0, 1, 0, 1, 0, 0
1635342573790, 15.25, 100, XNAS, 15.3, 300, IEXG, 15.3, 100, MEMX, 30360, 460913, 15.1816, 100, 1, 800, 5, 0, 0, 0, 1, 0, 0
1635342573790, 15.25, 100, XNAS, 15.3, 300, IEXG, 15.29, 100, BATS, 30460, 462442, 15.1819, 100, 1, 800, 5, 0, 1, 0, 1, 0, 0
1635342573790, 15.25, 100, XNAS, 15.3, 300, IEXG, 15.27, 33, MEMX, 30493, 462946, 15.182, 100, 1, 700, 4, 1, 0, 0, 0, 1, 0
1635342573790, 15.25, 100, XNAS, 15.3, 300, IEXG, 15.29, 100, ARCX, 30593, 464475, 15.1824, 100, 1, 700, 4, 0, 1, 0, 1, 0, 0
1635342573825, 15.25, 100, XNAS, 15.3, 300, IEXG, 15.3, 1100, XADF, 31693, 481305, 15.1865, 100, 1, 700, 4, 0, 1, 0, 1, 0, 0
1635342573865, 15.25, 200, MEMX, 15.3, 300, IEXG, 15.275, 10, IEXG, 31703, 481458, 15.1865, 300, 2, 800, 5, 1, 0, 1, 0, 0, 0
1635342573866, 15.25, 200, MEMX, 15.3, 300, IEXG, 15.26, 50, XADF, 31753, 482221, 15.1866, 300, 2, 800, 5, 1, 1, 0, 0, 1, 0
1635342573867, 15.24, 100, XNAS, 15.3, 300, IEXG, 15.25, 40, XNAS, 31793, 482831, 15.1867, 100, 1, 800, 5, 1, 0, 0, 0, 1, 0
1635342576508, 15.23, 300, XNAS, 15.29, 200, XNAS, 15.26, 500, IEXG, 32293, 490461, 15.1878, 400, 2, 500, 3, 0, 1, 1, 0, 0, 0
1635342628118, 15.24, 200, MEMX, 15.3, 300, XNAS, 15.27, 300, IEXG, 32593, 495042, 15.1886, 300, 2, 800, 4, 0, 1, 1, 0, 0, 0
1635342628133, 15.24, 200, MEMX, 15.3, 300, XNAS, 15.3, 200, IEXG, 32793, 498102, 15.1893, 300, 2, 800, 4, 0, 0, 0, 1, 0, 0
1635342628140, 15.24, 100, XNAS, 15.3, 300, XNAS, 15.29, 2, XNAS, 32795, 498132, 15.1893, 100, 1, 600, 3, 1, 0, 0, 1, 0, 0
1635342628140, 15.24, 100, XNAS, 15.3, 300, XNAS, 15.3, 65, XNAS, 32860, 499127, 15.1895, 100, 1, 600, 3, 1, 0, 0, 1, 0, 0
1635342628141, 15.24, 100, XNAS, 15.3, 200, BATS, 15.29, 33, MEMX, 32893, 499632, 15.1896, 100, 1, 400, 3, 1, 0, 0, 1, 0, 0
1635342628141, 15.25, 100, XNAS, 15.3, 100, ARCX, 15.3, 146, BATS, 33039, 501865, 15.1901, 100, 1, 200, 2, 0, 1, 0, 1, 0, 0
1635342628141, 15.25, 100, XNAS, 15.3, 100, ARCX, 15.3, 54, BATS, 33093, 502692, 15.1903, 100, 1, 200, 2, 1, 0, 0, 1, 0, 0
1635342628141, 15.25, 100, XNAS, 15.3, 100, ARCX, 15.27, 7, IEXG, 33100, 502798, 15.1903, 100, 1, 200, 2, 1, 0, 0, 0, 1, 0
1635342628188, 15.26, 200, MEMX, 15.3, 100, XNAS, 15.28, 10, IEXG, 33110, 502951, 15.1903, 300, 2, 200, 2, 1, 0, 1, 0, 0, 0
1635342628188, 15.26, 200, MEMX, 15.3, 100, XNAS, 15.28, 33, IEXG, 33143, 503455, 15.1904, 300, 2, 200, 2, 1, 0, 1, 0, 0, 0
1635342628190, 15.26, 200, MEMX, 15.3, 100, XNAS, 15.26, 57, XADF, 33200, 504325, 15.1905, 300, 2, 300, 3, 1, 1, 0, 0, 1, 0
1635342629709, 15.26, 300, XNAS, 15.3, 100, ARCX, 15.3, 7, XADF, 33207, 504432, 15.1905, 500, 2, 300, 3, 1, 1, 0, 1, 0, 0
1635342631037, 15.26, 200, XNAS, 15.3, 100, XNAS, 15.3, 35, XADF, 33242, 504968, 15.1907, 200, 1, 200, 2, 1, 1, 0, 1, 0, 0
1635342633709, 15.26, 200, XNAS, 15.3, 100, XNAS, 15.3, 11, XADF, 33253, 505136, 15.1907, 300, 2, 200, 2, 1, 1, 0, 1, 0, 0
1635342637709, 15.26, 200, XNAS, 15.3, 100, ARCX, 15.3, 100, XNAS, 33353, 506666, 15.191, 300, 2, 100, 1, 0, 1, 0, 1, 0, 0
1635342637709, 15.26, 200, XNAS, 15.3, 100, ARCX, 15.3, 1, XNAS, 33354, 506681, 15.191, 300, 2, 100, 1, 1, 0, 0, 1, 0, 0
1635342637710, 15.28, 100, XNAS, 15.3, 100, ARCX, 15.3, 4, EDGX, 33358, 506743, 15.191, 200, 2, 100, 1, 1, 0, 0, 1, 0, 0
1635342637710, 15.28, 100, XNAS, 15.32, 100, XNAS, 15.3, 179, ARCX, 33537, 509481, 15.1916, 200, 2, 100, 1, 0, 1, 1, 0, 0, 0
1635342654713, 15.3, 200, EDGX, 15.33, 100, XNYS, 15.33, 6, XADF, 33543, 509573, 15.1916, 600, 4, 100, 1, 1, 1, 0, 1, 0, 0
1635342656334, 15.3, 200, EDGX, 15.33, 100, XNYS, 15.3, 3, XADF, 33546, 509619, 15.1917, 400, 3, 200, 2, 1, 1, 0, 0, 1, 0
1635342666212, 15.3, 400, XNAS, 15.36, 100, XNAS, 15.36, 5, XADF, 33551, 509696, 15.1917, 1000, 6, 300, 3, 1, 1, 0, 1, 0, 0
1635342700432, 15.3, 300, XNAS, 15.35, 300, XNAS, 15.325, 3, XADF, 33554, 509742, 15.1917, 600, 3, 400, 2, 1, 1, 1, 0, 0, 0
1635342707300, 15.3, 1500, XNAS, 15.36, 200, BATS, 15.33, 30, XNAS, 33584, 510202, 15.1918, 1900, 4, 400, 3, 1, 0, 1, 0, 0, 0
1635342707300, 15.3, 200, EDGX, 15.36, 200, BATS, 15.31, 5, XNAS, 33589, 510278, 15.1918, 400, 3, 400, 3, 1, 0, 0, 0, 1, 0
1635342707300, 15.3, 200, EDGX, 15.36, 200, BATS, 15.3, 200, XNAS, 33789, 513338, 15.1925, 400, 3, 400, 3, 0, 1, 0, 0, 1, 0
1635342707300, 15.3, 200, EDGX, 15.36, 200, BATS, 15.3, 100, XNAS, 33889, 514868, 15.1928, 400, 3, 400, 3, 0, 1, 0, 0, 1, 0
1635342707300, 15.3, 200, EDGX, 15.36, 200, BATS, 15.3, 4, XNAS, 33893, 514930, 15.1928, 400, 3, 400, 3, 1, 0, 0, 0, 1, 0
1635342707300, 15.3, 200, EDGX, 15.36, 200, BATS, 15.3, 1465, XNAS, 35358, 537344, 15.1972, 400, 3, 400, 3, 0, 1, 0, 0, 1, 0
1635342707300, 15.3, 1900, XNAS, 15.35, 200, XNAS, 15.3, 257, EDGX, 35615, 541276, 15.198, 2100, 3, 200, 1, 0, 1, 0, 0, 1, 0
1635342707300, 15.3, 1800, XNAS, 15.32, 200, XNAS, 15.3, 35, XNAS, 35650, 541812, 15.1981, 1900, 2, 300, 2, 1, 0, 0, 0, 1, 0
1635342707300, 15.3, 100, ARCX, 15.32, 200, XNAS, 15.3, 200, XNAS, 35850, 544872, 15.1987, 200, 2, 300, 2, 0, 0, 0, 0, 1, 0
1635342707300, 15.3, 100, ARCX, 15.32, 200, XNAS, 15.3, 1500, XNAS, 37350, 567822, 15.2027, 100, 1, 300, 2, 0, 1, 0, 0, 1, 0
1635342707300, 15.3, 100, ARCX, 15.32, 200, XNAS, 15.3, 100, XNAS, 37450, 569352, 15.203, 100, 1, 300, 2, 0, 1, 0, 0, 1, 0
1635342707300, 15.3, 1200, XNAS, 15.32, 100, EDGX, 15.32, 100, XNAS, 37550, 570884, 15.2033, 1300, 2, 400, 4, 0, 0, 0, 1, 0, 0
1635342707300, 15.3, 1000, XNAS, 15.32, 100, EDGX, 15.32, 100, EDGX, 37650, 572416, 15.2036, 1100, 2, 300, 3, 0, 0, 0, 1, 0, 0
1635342707300, 15.3, 1000, XNAS, 15.32, 100, EDGX, 15.32, 125, XNAS, 37775, 574331, 15.204, 1100, 2, 300, 3, 0, 1, 0, 1, 0, 0
1635342707300, 15.3, 1000, XNAS, 15.32, 100, EDGX, 15.3, 200, XNAS, 37975, 577391, 15.2045, 1100, 2, 300, 3, 0, 0, 0, 0, 1, 0
1635342707300, 15.3, 1000, XNAS, 15.32, 100, BATS, 15.32, 21, XNAS, 37996, 577712, 15.2046, 1100, 2, 200, 2, 1, 0, 0, 1, 0, 0
1635342707300, 15.3, 1000, XNAS, 15.32, 100, BATS, 15.3, 100, ARCX, 38096, 579242, 15.2048, 1100, 2, 200, 2, 0, 0, 0, 0, 1, 0
1635342707300, 15.3, 1200, XNAS, 15.32, 200, MEMX, 15.3, 100, ARCX, 38196, 580772, 15.2051, 1200, 1, 300, 2, 0, 1, 0, 0, 1, 0
1635342707300, 15.3, 1200, XNAS, 15.32, 200, MEMX, 15.32, 24, MEMX, 38220, 581140, 15.2051, 1200, 1, 300, 2, 1, 0, 0, 1, 0, 0
1635342707300, 15.3, 1200, XNAS, 15.32, 200, MEMX, 15.32, 12, MEMX, 38232, 581324, 15.2052, 1200, 1, 300, 2, 1, 0, 0, 1, 0, 0
1635342707300, 15.3, 1200, XNAS, 15.32, 200, MEMX, 15.32, 4, MEMX, 38236, 581385, 15.2052, 1200, 1, 300, 2, 1, 0, 0, 1, 0, 0
1635342707300, 15.3, 1200, XNAS, 15.32, 200, MEMX, 15.32, 60, MEMX, 38296, 582304, 15.2054, 1200, 1, 300, 2, 1, 0, 0, 1, 0, 0
1635342707300, 15.3, 1200, XNAS, 15.32, 200, MEMX, 15.31, 10, IEXG, 38306, 582458, 15.2054, 1200, 1, 300, 2, 1, 0, 1, 0, 0, 0
1635342707301, 15.3, 1200, XNAS, 15.32, 100, EDGX, 15.3, 7, IEXG, 38357, 583239, 15.2055, 1200, 1, 200, 2, 1, 0, 0, 0, 1, 0
1635342707301, 15.3, 1200, XNAS, 15.32, 100, BATS, 15.33, 68, XNAS, 38425, 584281, 15.2058, 1200, 1, 200, 2, 1, 0, 0, 1, 0, 1
1635342707301, 15.3, 1200, XNAS, 15.32, 100, MEMX, 15.32, 100, BATS, 38525, 585813, 15.2061, 1200, 1, 100, 1, 0, 1, 0, 1, 0, 0
1635342707301, 15.3, 1200, XNAS, 15.32, 100, MEMX, 15.32, 56, MEMX, 38581, 586671, 15.2062, 1200, 1, 200, 2, 1, 0, 0, 1, 0, 0
1635342707301, 15.3, 1200, XNAS, 15.32, 100, MEMX, 15.32, 44, MEMX, 38625, 587345, 15.2063, 1200, 1, 200, 2, 1, 0, 0, 1, 0, 0
1635342707301, 15.3, 1200, XNAS, 15.32, 100, MEMX, 15.3, 13, IEXG, 38638, 587544, 15.2064, 1200, 1, 200, 2, 1, 0, 0, 0, 1, 0
1635342707301, 15.3, 1200, XNAS, 15.35, 200, XNAS, 15.33, 100, EDGX, 38738, 589077, 15.2067, 1200, 1, 200, 1, 0, 1, 0, 1, 0, 0
1635342707302, 15.3, 1200, XNAS, 15.36, 100, BATS, 15.35, 146, XNAS, 38884, 591318, 15.2072, 1500, 2, 200, 2, 0, 1, 0, 1, 0, 0
1635342707302, 15.35, 100, XNAS, 15.36, 100, BATS, 15.35, 21, XNAS, 38905, 591641, 15.2073, 100, 1, 200, 2, 1, 0, 0, 0, 1, 0
1635342707302, 15.32, 200, XNAS, 15.36, 100, BATS, 15.35, 79, XNAS, 38984, 592853, 15.2076, 200, 1, 200, 2, 1, 0, 0, 1, 0, 0
1635342707302, 15.32, 100, MEMX, 15.36, 100, BATS, 15.36, 47, EDGX, 39031, 593575, 15.2078, 100, 1, 100, 1, 1, 0, 0, 1, 0, 0
1635342707303, 15.33, 300, IEXG, 15.36, 100, BATS, 15.36, 53, EDGX, 39084, 594389, 15.208, 400, 2, 100, 1, 1, 0, 0, 1, 0, 0
1635342707303, 15.33, 300, IEXG, 15.39, 100, BATS, 15.36, 1, BATS, 39085, 594405, 15.208, 400, 2, 100, 1, 1, 0, 1, 0, 0, 0
1635342707342, 15.31, 200, XNAS, 15.36, 200, XNAS, 15.335, 10, XNAS, 39095, 594558, 15.208, 400, 2, 200, 1, 1, 0, 1, 0, 0, 0
1635342707343, 15.31, 200, XNAS, 15.36, 200, XNAS, 15.335, 10, IEXG, 39105, 594711, 15.2081, 400, 2, 200, 1, 1, 0, 1, 0, 0, 0
1635342707344, 15.31, 200, XNAS, 15.36, 200, XNAS, 15.31, 80, XADF, 39185, 595936, 15.2083, 400, 2, 200, 1, 1, 1, 0, 0, 1, 0
1635342707346, 15.31, 200, XNAS, 15.36, 200, XNAS, 15.36, 100, MEMX, 39285, 597472, 15.2087, 600, 3, 300, 2, 0, 0, 0, 1, 0, 0
1635342708127, 15.31, 200, XNAS, 15.36, 200, XNAS, 15.31, 100, XADF, 39385, 599003, 15.2089, 400, 2, 200, 1, 0, 1, 0, 0, 1, 0
1635342708127, 15.31, 200, XNAS, 15.36, 200, XNAS, 15.31, 100, XADF, 39485, 600534, 15.2092, 400, 2, 200, 1, 0, 1, 0, 0, 1, 0
1635342710591, 15.31, 200, IEXG, 15.35, 200, XNAS, 15.31, 100, IEXG, 39585, 602065, 15.2094, 400, 3, 600, 3, 0, 0, 0, 0, 1, 0
1635342710600, 15.31, 100, ARCX, 15.35, 200, XNAS, 15.31, 100, IEXG, 39685, 603596, 15.2097, 200, 2, 500, 3, 0, 0, 0, 0, 1, 0
1635342732291, 15.32, 100, EDGX, 15.35, 2600, BATS, 15.35, 100, XNAS, 39785, 605131, 15.21, 400, 4, 2700, 2, 0, 1, 0, 1, 0, 0
1635342732292, 15.32, 100, EDGX, 15.35, 2600, BATS, 15.35, 46, XNAS, 39831, 605837, 15.2102, 500, 5, 2600, 1, 1, 0, 0, 1, 0, 0
1635342732292, 15.32, 100, EDGX, 15.35, 2600, BATS, 15.35, 1, XNAS, 39832, 605853, 15.2102, 500, 5, 2600, 1, 1, 0, 0, 1, 0, 0
1635342732292, 15.32, 100, EDGX, 15.35, 2600, BATS, 15.35, 146, BATS, 39978, 608094, 15.2107, 500, 5, 2600, 1, 0, 0, 0, 1, 0, 0
1635342732292, 15.32, 100, EDGX, 15.35, 1600, BATS, 15.35, 824, BATS, 40802, 620742, 15.2135, 500, 5, 1600, 1, 0, 0, 0, 1, 0, 0
1635342732292, 15.33, 100, XNAS, 15.35, 1600, BATS, 15.35, 1, EDGX, 40803, 620757, 15.2135, 100, 1, 1600, 1, 1, 0, 0, 1, 0, 0
1635342732292, 15.33, 100, XNAS, 15.35, 1600, BATS, 15.35, 35, BATS, 40838, 621295, 15.2136, 100, 1, 1600, 1, 1, 0, 0, 1, 0, 0
1635342732292, 15.33, 100, XNAS, 15.35, 1200, BATS, 15.35, 426, BATS, 41264, 627834, 15.215, 100, 1, 1200, 1, 0, 0, 0, 1, 0, 0
1635342732292, 15.33, 100, XNAS, 15.35, 1200, BATS, 15.35, 137, BATS, 41401, 629937, 15.2155, 100, 1, 1200, 1, 0, 0, 0, 1, 0, 0
1635342732292, 15.34, 100, MEMX, 15.35, 1000, BATS, 15.35, 4, BATS, 41405, 629998, 15.2155, 100, 1, 1000, 1, 1, 0, 0, 1, 0, 0
1635342732292, 15.34, 100, MEMX, 15.35, 1000, BATS, 15.35, 8, BATS, 41413, 630121, 15.2155, 100, 1, 1000, 1, 1, 0, 0, 1, 0, 0
1635342732292, 15.34, 100, MEMX, 15.35, 900, BATS, 15.35, 100, BATS, 41513, 631656, 15.2159, 100, 1, 900, 1, 0, 0, 0, 1, 0, 0
1635342732292, 15.34, 100, MEMX, 15.35, 900, BATS, 15.35, 16, BATS, 41529, 631901, 15.2159, 100, 1, 900, 1, 1, 0, 0, 1, 0, 0
1635342732292, 15.34, 100, MEMX, 15.35, 900, BATS, 15.35, 4, BATS, 41533, 631963, 15.2159, 100, 1, 900, 1, 1, 0, 0, 1, 0, 0
1635342732293, 15.34, 100, MEMX, 15.35, 600, BATS, 15.35, 300, BATS, 41833, 636568, 15.2169, 100, 1, 600, 1, 0, 0, 0, 1, 0, 0
1635342732336, 15.33, 100, XNAS, 15.35, 600, BATS, 15.34, 10, IEXG, 41843, 636721, 15.2169, 200, 2, 600, 1, 1, 0, 1, 0, 0, 0
1635342732336, 15.33, 100, XNAS, 15.35, 600, BATS, 15.34, 10, IEXG, 41853, 636875, 15.2169, 200, 2, 600, 1, 1, 0, 1, 0, 0, 0
1635342732338, 15.32, 100, IEXG, 15.35, 600, BATS, 15.33, 80, XNAS, 41933, 638101, 15.2172, 400, 4, 700, 2, 1, 0, 0, 0, 1, 0
1635342732341, 15.32, 100, EDGX, 15.35, 600, BATS, 15.35, 100, MEMX, 42033, 639636, 15.2175, 400, 4, 600, 1, 0, 1, 0, 1, 0, 0
1635342750133, 15.32, 200, XNAS, 15.34, 1100, ARCX, 15.33, 100, XNAS, 42133, 641169, 15.2177, 700, 6, 1100, 1, 0, 1, 1, 0, 0, 0
1635342750134, 15.32, 300, XNAS, 15.34, 1100, ARCX, 15.33, 2, ARCX, 42135, 641200, 15.2177, 800, 6, 1100, 1, 1, 0, 1, 0, 0, 0
1635342777261, 15.32, 100, IEXG, 15.33, 200, XNAS, 15.32, 100, XNAS, 42235, 642732, 15.218, 500, 5, 300, 2, 0, 0, 0, 0, 1, 0
1635342777261, 15.32, 100, IEXG, 15.33, 200, XNAS, 15.32, 30, XNAS, 42265, 643191, 15.2181, 400, 4, 300, 2, 1, 0, 0, 0, 1, 0
1635342777261, 15.32, 100, IEXG, 15.33, 200, XNAS, 15.32, 5, XNAS, 42270, 643268, 15.2181, 400, 4, 300, 2, 1, 0, 0, 0, 1, 0
1635342777261, 15.32, 100, IEXG, 15.33, 200, XNAS, 15.32, 100, XNAS, 42370, 644800, 15.2183, 400, 4, 300, 2, 0, 1, 0, 0, 1, 0
1635342777261, 15.32, 100, IEXG, 15.33, 200, XNAS, 15.325, 10, IEXG, 42380, 644953, 15.2183, 400, 4, 300, 2, 1, 0, 1, 0, 0, 0
1635342777261, 15.32, 100, ARCX, 15.33, 200, XNAS, 15.32, 90, IEXG, 42470, 646332, 15.2186, 300, 3, 300, 2, 1, 0, 0, 0, 1, 0
1635342777262, 15.32, 100, ARCX, 15.33, 300, XNAS, 15.31, 12, XNAS, 42482, 646516, 15.2186, 300, 3, 400, 2, 1, 0, 0, 0, 1, 1
1635342777262, 15.32, 100, ARCX, 15.33, 300, XNAS, 15.32, 55, EDGX, 42537, 647358, 15.2187, 200, 2, 400, 2, 1, 0, 0, 0, 1, 0
1635342777262, 15.32, 100, ARCX, 15.33, 300, XNAS, 15.32, 1, MEMX, 42538, 647374, 15.2187, 200, 2, 400, 2, 1, 0, 0, 0, 1, 0
1635342777262, 15.32, 100, ARCX, 15.33, 300, XNAS, 15.32, 12, EDGX, 42550, 647557, 15.2187, 200, 2, 400, 2, 1, 0, 0, 0, 1, 0
1635342777262, 15.32, 100, ARCX, 15.33, 300, XNAS, 15.31, 88, XNAS, 42638, 648905, 15.2189, 200, 2, 500, 3, 1, 0, 0, 0, 1, 1
1635342777262, 15.32, 100, ARCX, 15.33, 300, XNAS, 15.31, 74, XNAS, 42712, 650038, 15.2191, 200, 2, 500, 3, 1, 0, 0, 0, 1, 1
1635342777262, 15.32, 100, ARCX, 15.33, 300, XNAS, 15.31, 26, XNAS, 42738, 650436, 15.2191, 200, 2, 500, 3, 1, 0, 0, 0, 1, 1
1635342777262, 15.32, 100, ARCX, 15.33, 400, XNAS, 15.32, 100, BATS, 42838, 651968, 15.2194, 100, 1, 600, 3, 0, 1, 0, 0, 1, 0
1635342777262, 15.32, 100, ARCX, 15.33, 400, XNAS, 15.32, 33, EDGX, 42871, 652473, 15.2195, 100, 1, 600, 3, 1, 0, 0, 0, 1, 0
1635342777262, 15.32, 100, ARCX, 15.33, 400, XNAS, 15.32, 40, EDGX, 42911, 653086, 15.2195, 100, 1, 600, 3, 1, 0, 0, 0, 1, 0
1635342777262, 15.32, 100, ARCX, 15.33, 400, XNAS, 15.32, 44, ARCX, 42955, 653760, 15.2197, 100, 1, 500, 2, 1, 0, 0, 0, 1, 0
1635342777262, 15.29, 100, XNAS, 15.33, 400, XNAS, 15.32, 12, ARCX, 42967, 653944, 15.2197, 100, 1, 500, 2, 1, 0, 0, 1, 0, 0
1635342777262, 15.27, 600, ARCX, 15.33, 400, XNAS, 15.32, 8, ARCX, 42975, 654067, 15.2197, 1700, 6, 500, 2, 1, 0, 0, 1, 0, 0
1635342777262, 15.27, 600, ARCX, 15.33, 400, XNAS, 15.32, 4, ARCX, 42979, 654128, 15.2197, 1700, 6, 500, 2, 1, 0, 0, 1, 0, 0
1635342777262, 15.27, 600, ARCX, 15.33, 400, XNAS, 15.32, 32, ARCX, 43011, 654618, 15.2198, 1700, 6, 700, 3, 1, 0, 0, 1, 0, 0
1635342777262, 15.27, 600, ARCX, 15.33, 400, XNAS, 15.32, 16, ARCX, 43027, 654863, 15.2198, 1700, 6, 700, 3, 1, 0, 0, 1, 0, 0
1635342777262, 15.27, 600, ARCX, 15.32, 200, XNAS, 15.32, 10, IEXG, 43037, 655016, 15.2198, 1700, 6, 600, 4, 1, 0, 0, 1, 0, 0
1635342777263, 15.28, 200, MEMX, 15.32, 300, XNAS, 15.29, 9, ARCX, 43046, 655154, 15.2199, 200, 1, 800, 5, 1, 0, 0, 0, 1, 0
1635342777816, 15.27, 600, ARCX, 15.31, 200, MEMX, 15.29, 100, IEXG, 43146, 656683, 15.22, 1800, 8, 900, 6, 0, 1, 1, 0, 0, 0
1635342785506, 15.28, 100, EDGX, 15.31, 100, XNAS, 15.295, 26, XADF, 43172, 657081, 15.2201, 500, 5, 100, 1, 1, 1, 1, 0, 0, 0
1635342802392, 15.28, 200, ARCX, 15.3, 2300, EDGX, 15.3, 1, XNAS, 43173, 657096, 15.2201, 700, 5, 2400, 2, 1, 0, 0, 1, 0, 0
1635342802392, 15.28, 200, ARCX, 15.3, 2300, EDGX, 15.3, 100, XNAS, 43273, 658626, 15.2203, 700, 5, 2400, 2, 0, 1, 0, 1, 0, 0
1635342802392, 15.28, 300, XNAS, 15.3, 2300, EDGX, 15.3, 1123, EDGX, 44396, 675808, 15.2223, 800, 5, 2400, 2, 0, 0, 0, 1, 0, 0
1635342802392, 15.29, 100, XNAS, 15.3, 600, EDGX, 15.3, 577, EDGX, 44973, 684636, 15.2233, 100, 1, 700, 2, 0, 0, 0, 1, 0, 0
1635342802392, 15.29, 200, XNAS, 15.3, 600, EDGX, 15.3, 623, EDGX, 45596, 694168, 15.2243, 200, 1, 700, 2, 0, 0, 0, 1, 0, 0
1635342802392, 15.29, 200, XNAS, 15.3, 1200, EDGX, 15.3, 100, MEMX, 45696, 695698, 15.2245, 200, 1, 1200, 1, 0, 1, 0, 1, 0, 0
1635342802392, 15.29, 200, XNAS, 15.3, 1200, EDGX, 15.3, 350, EDGX, 46046, 701053, 15.2251, 400, 3, 1200, 1, 0, 0, 0, 1, 0, 0
1635342802393, 15.29, 300, MEMX, 15.3, 800, EDGX, 15.3, 850, EDGX, 46896, 714058, 15.2264, 800, 4, 800, 1, 0, 0, 0, 1, 0, 0
1635342802398, 15.29, 200, EDGX, 15.3, 500, EDGX, 15.295, 10, XNAS, 46906, 714211, 15.2264, 700, 5, 600, 2, 1, 0, 1, 0, 0, 0
1635342802398, 15.29, 200, EDGX, 15.3, 500, EDGX, 15.29, 100, XNAS, 47006, 715740, 15.2266, 700, 5, 600, 2, 0, 1, 0, 0, 1, 0
1635342802398, 15.29, 200, EDGX, 15.3, 500, EDGX, 15.29, 100, XNAS, 47106, 717269, 15.2267, 700, 5, 600, 2, 0, 1, 0, 0, 1, 0
1635342802398, 15.29, 100, XNYS, 15.3, 500, EDGX, 15.29, 100, EDGX, 47206, 718798, 15.2268, 200, 2, 600, 2, 0, 1, 0, 0, 1, 0
1635342802398, 15.29, 100, XNYS, 15.3, 500, EDGX, 15.29, 100, BATS, 47306, 720327, 15.227, 200, 2, 600, 2, 0, 1, 0, 0, 1, 0
1635342802398, 15.29, 100, XNYS, 15.3, 500, EDGX, 15.29, 78, ARCX, 47384, 721519, 15.2271, 200, 2, 700, 3, 1, 0, 0, 0, 1, 0
1635342802398, 15.28, 300, XNAS, 15.3, 500, EDGX, 15.29, 70, XNYS, 47454, 722590, 15.2272, 700, 4, 700, 3, 1, 0, 1, 0, 0, 0
1635342802398, 15.28, 300, XNAS, 15.3, 500, EDGX, 15.29, 18, XNYS, 47472, 722865, 15.2272, 700, 4, 700, 3, 1, 0, 1, 0, 0, 0
1635342802398, 15.28, 300, XNAS, 15.3, 500, EDGX, 15.29, 12, XNYS, 47484, 723048, 15.2272, 700, 4, 700, 3, 1, 0, 1, 0, 0, 0
1635342802423, 15.28, 200, XNAS, 15.3, 500, EDGX, 15.3, 100, IEXG, 47584, 724578, 15.2274, 800, 5, 1000, 4, 0, 0, 0, 1, 0, 0
1635342802424, 15.28, 200, XNAS, 15.3, 500, EDGX, 15.3, 60, XADF, 47644, 725496, 15.2274, 800, 5, 800, 3, 1, 1, 0, 1, 0, 0
1635342802444, 15.28, 500, XNAS, 15.3, 500, EDGX, 15.29, 10, IEXG, 47654, 725649, 15.2275, 1100, 5, 600, 2, 1, 0, 1, 0, 0, 0
1635342803221, 15.28, 400, XNAS, 15.3, 500, EDGX, 15.28, 100, XADF, 47754, 727177, 15.2276, 800, 4, 700, 3, 0, 1, 0, 0, 1, 0
1635342803221, 15.28, 400, XNAS, 15.3, 500, EDGX, 15.28, 100, XADF, 47854, 728705, 15.2277, 800, 4, 700, 3, 0, 1, 0, 0, 1, 0
1635342803682, 15.28, 400, XNAS, 15.3, 500, EDGX, 15.3, 100, MEMX, 47954, 730235, 15.2278, 700, 4, 600, 2, 0, 1, 0, 1, 0, 0
1635342807659, 15.28, 300, XNAS, 15.3, 500, EDGX, 15.28, 30, XNAS, 47984, 730694, 15.2279, 400, 2, 1000, 6, 1, 0, 0, 0, 1, 0
1635342807659, 15.28, 300, XNAS, 15.3, 500, EDGX, 15.28, 6, XNAS, 47990, 730785, 15.2279, 400, 2, 1000, 6, 1, 0, 0, 0, 1, 0
1635342807659, 15.28, 300, XNAS, 15.3, 500, EDGX, 15.28, 42, XNAS, 48032, 731427, 15.2279, 400, 2, 1000, 6, 1, 0, 0, 0, 1, 0
1635342807659, 15.28, 100, XNAS, 15.3, 500, EDGX, 15.28, 158, XNAS, 48190, 733841, 15.2281, 200, 2, 1000, 6, 0, 0, 0, 0, 1, 0
1635342807659, 15.28, 100, ARCX, 15.3, 500, EDGX, 15.28, 100, XNAS, 48290, 735369, 15.2282, 100, 1, 1000, 6, 0, 1, 0, 0, 1, 0
1635342807659, 15.28, 100, ARCX, 15.3, 500, EDGX, 15.28, 100, XNAS, 48390, 736897, 15.2283, 100, 1, 1000, 6, 0, 1, 0, 0, 1, 0
1635342807659, 15.28, 100, ARCX, 15.3, 500, EDGX, 15.28, 82, XNAS, 48472, 738150, 15.2284, 100, 1, 1000, 6, 1, 0, 0, 0, 1, 0
1635342807659, 15.28, 100, ARCX, 15.29, 100, XNAS, 15.28, 50, XNAS, 48522, 738914, 15.2284, 200, 2, 100, 1, 1, 0, 0, 0, 1, 0
1635342807659, 15.28, 100, ARCX, 15.3, 500, EDGX, 15.28, 75, XNAS, 48597, 740060, 15.2285, 200, 2, 1200, 6, 1, 0, 0, 0, 1, 0
1635342807659, 15.28, 100, ARCX, 15.3, 500, EDGX, 15.28, 35, XNAS, 48632, 740595, 15.2286, 200, 2, 1200, 6, 1, 0, 0, 0, 1, 0
1635342807660, 15.28, 100, ARCX, 15.29, 200, BATS, 15.28, 24, XNAS, 48656, 740962, 15.2286, 100, 1, 200, 1, 1, 0, 0, 0, 1, 0
1635342807660, 15.28, 100, ARCX, 15.29, 200, BATS, 15.28, 16, XNAS, 48672, 741206, 15.2286, 100, 1, 200, 1, 1, 0, 0, 0, 1, 0
1635342807660, 15.28, 100, ARCX, 15.29, 200, BATS, 15.28, 18, XNAS, 48690, 741481, 15.2286, 100, 1, 200, 1, 1, 0, 0, 0, 1, 0
1635342807660, 15.28, 100, ARCX, 15.29, 200, BATS, 15.28, 100, ARCX, 48790, 743009, 15.2287, 100, 1, 300, 2, 0, 0, 0, 0, 1, 0
1635342807660, 15.28, 100, ARCX, 15.29, 200, BATS, 15.28, 100, ARCX, 48890, 744537, 15.2288, 100, 1, 300, 2, 0, 0, 0, 0, 1, 0
1635342815226, 15.24, 200, XNAS, 15.28, 100, ARCX, 15.2684, 4, XADF, 48894, 744599, 15.2288, 400, 2, 400, 4, 1, 1, 0, 1, 0, 0
1635342821037, 15.25, 1500, ARCX, 15.28, 200, XNAS, 15.25, 500, ARCX, 49394, 752224, 15.229, 1700, 3, 400, 2, 0, 0, 0, 0, 1, 0
1635342830968, 15.25, 1500, ARCX, 15.28, 500, XNAS, 15.26, 100, ARCX, 49494, 753750, 15.2291, 1500, 1, 800, 4, 0, 1, 0, 0, 1, 0
1635342838633, 15.25, 1400, ARCX, 15.27, 300, XNAS, 15.25, 100, ARCX, 49594, 755275, 15.2292, 1400, 1, 600, 4, 0, 0, 0, 0, 1, 0
1635342838633, 15.25, 400, ARCX, 15.27, 400, XNAS, 15.25, 1400, ARCX, 50994, 776625, 15.2297, 400, 1, 600, 3, 0, 0, 0, 0, 1, 0
1635342838633, 15.25, 400, ARCX, 15.27, 400, XNAS, 15.25, 400, ARCX, 51394, 782725, 15.2299, 400, 1, 600, 3, 0, 0, 0, 0, 1, 0
1635342838679, 15.23, 100, EDGX, 15.26, 300, XNAS, 15.25, 1, XNAS, 51395, 782740, 15.2299, 100, 1, 400, 2, 1, 0, 0, 1, 0, 0
1635342841121, 15.23, 200, MEMX, 15.26, 200, MEMX, 15.26, 100, XADF, 51495, 784266, 15.2299, 400, 3, 300, 2, 0, 1, 0, 1, 0, 0
1635342841128, 15.23, 100, EDGX, 15.26, 100, XNAS, 15.26, 100, XADF, 51595, 785792, 15.23, 200, 2, 100, 1, 0, 1, 0, 1, 0, 0
1635342842682, 15.23, 100, EDGX, 15.26, 100, XNAS, 15.26, 1, XNAS, 51596, 785807, 15.23, 300, 3, 100, 1, 1, 0, 0, 1, 0, 0
1635342842682, 15.23, 100, EDGX, 15.28, 200, BATS, 15.26, 99, XNAS, 51695, 787318, 15.2301, 300, 3, 200, 1, 1, 0, 0, 1, 0, 0
1635342842682, 15.23, 100, EDGX, 15.28, 200, BATS, 15.26, 1, XNAS, 51696, 787333, 15.2301, 300, 3, 200, 1, 1, 0, 0, 1, 0, 0
1635342842686, 15.26, 300, IEXG, 15.31, 200, IEXG, 15.26, 100, XADF, 51796, 788859, 15.2301, 400, 2, 300, 2, 0, 1, 0, 0, 1, 0
1635342842687, 15.26, 300, IEXG, 15.31, 200, IEXG, 15.26, 100, XNAS, 51896, 790385, 15.2302, 300, 1, 300, 2, 0, 1, 0, 0, 1, 0
1635342850048, 15.24, 200, MEMX, 15.3, 200, IEXG, 15.27, 100, XADF, 51996, 791912, 15.2302, 300, 2, 500, 4, 0, 1, 1, 0, 0, 0
1635342880721, 15.25, 200, MEMX, 15.3, 100, XNAS, 15.288, 10, XADF, 52006, 792065, 15.2303, 300, 2, 100, 1, 1, 1, 0, 1, 0, 0
1635342891061, 15.25, 100, XNAS, 15.3, 200, XNAS, 15.275, 1, XNAS, 52007, 792080, 15.2303, 100, 1, 400, 2, 1, 0, 1, 0, 0, 0
1635342891063, 15.25, 100, XNAS, 15.29, 100, XNAS, 15.2512, 1, XADF, 52008, 792095, 15.2303, 100, 1, 100, 1, 1, 1, 0, 0, 1, 0
1635342910265, 15.25, 200, XNAS, 15.3, 100, EDGX, 15.3, 4, XADF, 52012, 792157, 15.2303, 200, 1, 200, 2, 1, 1, 0, 1, 0, 0
1635342914390, 15.25, 200, XNAS, 15.3, 100, EDGX, 15.29, 10, ARCX, 52022, 792310, 15.2303, 300, 2, 200, 2, 1, 0, 0, 1, 0, 0
1635342971190, 15.25, 200, XNAS, 15.3, 100, EDGX, 15.3, 5, XADF, 52027, 792386, 15.2303, 400, 2, 300, 3, 1, 1, 0, 1, 0, 0
1635342993148, 15.24, 400, XNAS, 15.28, 100, XNAS, 15.25, 3, XNAS, 52030, 792432, 15.2303, 500, 2, 300, 3, 1, 0, 0, 0, 1, 0
1635342993148, 15.24, 200, XNAS, 15.28, 100, XNAS, 15.24, 100, XNAS, 52130, 793956, 15.2303, 300, 2, 300, 3, 0, 0, 0, 0, 1, 0
1635342993148, 15.24, 200, XNAS, 15.28, 100, XNAS, 15.24, 44, XNAS, 52174, 794626, 15.2303, 300, 2, 300, 3, 1, 0, 0, 0, 1, 0
1635342993149, 15.24, 100, MEMX, 15.28, 100, MEMX, 15.25, 5, BATS, 52179, 794703, 15.2303, 200, 2, 300, 3, 1, 0, 0, 0, 1, 0
1635342993149, 15.24, 100, MEMX, 15.28, 100, MEMX, 15.24, 11, BATS, 52190, 794870, 15.2303, 200, 2, 300, 3, 1, 0, 0, 0, 1, 0
1635342993149, 15.24, 100, MEMX, 15.28, 100, MEMX, 15.24, 100, MEMX, 52290, 796394, 15.2303, 200, 2, 300, 3, 0, 0, 0, 0, 1, 0
1635342993149, 15.24, 100, XNAS, 15.28, 100, XNYS, 15.26, 12, XNAS, 52302, 796577, 15.2303, 100, 1, 300, 3, 1, 0, 1, 0, 0, 0
1635342993149, 15.24, 100, XNAS, 15.28, 100, XNYS, 15.26, 12, XNAS, 52314, 796760, 15.2303, 100, 1, 300, 3, 1, 0, 1, 0, 0, 0
1635342993149, 15.24, 100, XNAS, 15.28, 100, XNYS, 15.26, 5, XNAS, 52319, 796837, 15.2304, 100, 1, 300, 3, 1, 0, 1, 0, 0, 0
1635342993149, 15.24, 100, XNAS, 15.27, 100, MEMX, 15.25, 51, MEMX, 52370, 797615, 15.2304, 100, 1, 100, 1, 1, 0, 0, 0, 1, 0
1635342993149, 15.24, 100, XNAS, 15.27, 100, MEMX, 15.24, 7, ARCX, 52377, 797721, 15.2304, 100, 1, 300, 3, 1, 0, 0, 0, 1, 0
1635342993149, 15.24, 100, XNAS, 15.28, 300, IEXG, 15.255, 10, IEXG, 52387, 797874, 15.2304, 100, 1, 700, 4, 1, 0, 0, 0, 1, 0
1635342993191, 15.24, 100, XNAS, 15.28, 100, BATS, 15.26, 6, IEXG, 52393, 797965, 15.2304, 100, 1, 400, 4, 1, 0, 1, 0, 0, 0
1635343008704, 15.24, 200, XNAS, 15.29, 200, MEMX, 15.27, 1, XNAS, 52394, 797981, 15.2304, 500, 3, 300, 2, 1, 0, 0, 1, 0, 0
1635343009111, 15.26, 100, MEMX, 15.3, 200, XNAS, 15.28, 1, XNAS, 52395, 797996, 15.2304, 100, 1, 800, 5, 1, 0, 1, 0, 0, 0
1635343009111, 15.26, 100, MEMX, 15.3, 200, XNAS, 15.28, 1, XNAS, 52396, 798011, 15.2304, 100, 1, 800, 5, 1, 0, 1, 0, 0, 0
1635343009111, 15.26, 100, MEMX, 15.3, 200, XNAS, 15.28, 1, XNAS, 52397, 798026, 15.2304, 100, 1, 800, 5, 1, 0, 1, 0, 0, 0
1635343009111, 15.28, 100, XNAS, 15.3, 200, MEMX, 15.28, 1, MEMX, 52398, 798042, 15.2304, 100, 1, 700, 5, 1, 0, 0, 0, 1, 0
1635343009111, 15.28, 100, XNAS, 15.3, 200, MEMX, 15.28, 1, MEMX, 52399, 798057, 15.2304, 100, 1, 700, 5, 1, 0, 0, 0, 1, 0
1635343009111, 15.28, 100, XNAS, 15.3, 200, MEMX, 15.28, 1, MEMX, 52400, 798072, 15.2304, 100, 1, 700, 5, 1, 0, 0, 0, 1, 0
1635343032152, 15.27, 100, MEMX, 15.3, 100, EDGX, 15.3, 5, XADF, 52405, 798149, 15.2304, 200, 2, 200, 2, 1, 1, 0, 1, 0, 0
1635343032538, 15.27, 100, MEMX, 15.3, 100, EDGX, 15.285, 100, XADF, 52505, 799677, 15.2305, 200, 2, 200, 2, 0, 1, 1, 0, 0, 0
1635343036930, 15.27, 300, XNAS, 15.3, 100, EDGX, 15.285, 8, IEXG, 52513, 799800, 15.2305, 400, 2, 200, 2, 1, 0, 1, 0, 0, 0
1635343036930, 15.27, 300, XNAS, 15.3, 100, EDGX, 15.28, 24, XNAS, 52537, 800166, 15.2305, 400, 2, 200, 2, 1, 0, 0, 0, 1, 0
1635343036930, 15.27, 300, XNAS, 15.3, 100, EDGX, 15.28, 4, XNAS, 52541, 800227, 15.2305, 400, 2, 200, 2, 1, 0, 0, 0, 1, 0
1635343036930, 15.27, 300, XNAS, 15.3, 100, EDGX, 15.28, 1, XNAS, 52542, 800243, 15.2305, 400, 2, 200, 2, 1, 0, 0, 0, 1, 0
1635343036930, 15.27, 300, XNAS, 15.3, 100, EDGX, 15.28, 51, MEMX, 52593, 801022, 15.2306, 400, 2, 200, 2, 1, 0, 0, 0, 1, 0
1635343036931, 15.27, 300, XNAS, 15.3, 200, MEMX, 15.28, 29, XNAS, 52622, 801465, 15.2306, 400, 2, 500, 3, 1, 0, 0, 0, 1, 0
1635343036932, 15.27, 300, XNAS, 15.29, 100, EDGA, 15.28, 3, IEXG, 52625, 801511, 15.2306, 300, 1, 100, 1, 1, 0, 1, 0, 0, 0
1635343036932, 15.27, 200, XNAS, 15.29, 100, EDGA, 15.28, 3, IEXG, 52628, 801557, 15.2306, 200, 1, 100, 1, 1, 0, 1, 0, 0, 0
1635343036933, 15.27, 200, XNAS, 15.29, 100, EDGA, 15.28, 3, IEXG, 52631, 801603, 15.2306, 200, 1, 100, 1, 1, 0, 1, 0, 0, 0
1635343051535, 15.27, 200, XNAS, 15.3, 100, EDGX, 15.285, 100, IEXG, 52731, 803131, 15.2307, 400, 2, 300, 3, 0, 1, 1, 0, 0, 0
1635343084346, 15.27, 300, XNAS, 15.3, 100, EDGX, 15.3, 10, XADF, 52741, 803284, 15.2307, 500, 3, 200, 2, 1, 1, 0, 1, 0, 0
1635343087835, 15.27, 200, XNAS, 15.3, 100, EDGX, 15.285, 100, XADF, 52841, 804813, 15.2308, 300, 2, 200, 2, 0, 1, 1, 0, 0, 0
1635343093329, 15.27, 200, XNAS, 15.3, 100, EDGX, 15.3, 6, XADF, 52847, 804904, 15.2308, 400, 3, 100, 1, 1, 1, 0, 1, 0, 0
1635343101831, 15.27, 300, XNAS, 15.3, 100, EDGX, 15.29, 1, XNAS, 52848, 804920, 15.2308, 400, 2, 100, 1, 1, 0, 0, 1, 0, 0
1635343101831, 15.28, 200, MEMX, 15.31, 100, BATS, 15.3, 9, EDGX, 52857, 805057, 15.2309, 200, 1, 100, 1, 1, 0, 0, 1, 0, 0
1635343101832, 15.28, 100, MEMX, 15.32, 100, XNAS, 15.3, 18, ARCX, 52875, 805333, 15.2309, 200, 2, 100, 1, 1, 0, 1, 0, 0, 0
1635343101832, 15.28, 200, XNAS, 15.32, 100, XNAS, 15.3, 91, EDGX, 52966, 806725, 15.231, 300, 2, 100, 1, 1, 0, 1, 0, 0, 0
1635343101833, 15.3, 100, EDGX, 15.34, 100, MEMX, 15.3, 7, XNYS, 52973, 806832, 15.231, 300, 3, 100, 1, 1, 0, 0, 0, 1, 0
1635343101833, 15.3, 100, EDGX, 15.34, 100, MEMX, 15.3, 93, XNYS, 53066, 808255, 15.2311, 300, 3, 100, 1, 1, 0, 0, 0, 1, 0
1635343133988, 15.28, 200, IEXG, 15.33, 300, XNAS, 15.33, 20, XADF, 53086, 808562, 15.2312, 400, 3, 600, 3, 1, 1, 0, 1, 0, 0
1635343154026, 15.28, 100, XNAS, 15.33, 100, XNAS, 15.33, 2, XNAS, 53088, 808592, 15.2312, 200, 2, 100, 1, 1, 0, 0, 1, 0, 0
1635343154026, 15.28, 200, XNAS, 15.33, 100, XNAS, 15.33, 1, ARCX, 53089, 808608, 15.2312, 200, 1, 100, 1, 1, 0, 0, 1, 0, 0
1635343166142, 15.29, 500, XNAS, 15.34, 200, XNAS, 15.3, 27, ARCX, 53117, 809036, 15.2312, 1100, 6, 300, 2, 1, 0, 0, 0, 1, 0
1635343166422, 15.29, 400, XNAS, 15.34, 200, XNAS, 15.3, 22, ARCX, 53139, 809373, 15.2312, 600, 3, 800, 5, 1, 0, 0, 0, 1, 0
1635343166422, 15.29, 400, XNAS, 15.33, 100, XNAS, 15.29, 1, ARCX, 53140, 809388, 15.2312, 700, 4, 100, 1, 1, 0, 0, 0, 1, 0
1635343166422, 15.29, 400, XNAS, 15.33, 200, MEMX, 15.29, 15, ARCX, 53155, 809617, 15.2313, 600, 3, 300, 2, 1, 0, 0, 0, 1, 0
1635343166422, 15.29, 300, XNAS, 15.33, 200, MEMX, 15.29, 16, MEMX, 53171, 809862, 15.2313, 500, 3, 400, 3, 1, 0, 0, 0, 1, 0
1635343166422, 15.29, 300, XNAS, 15.33, 100, XNAS, 15.31, 4, XNAS, 53175, 809923, 15.2313, 400, 2, 100, 1, 1, 0, 1, 0, 0, 0
1635343166451, 15.29, 300, XNAS, 15.33, 200, MEMX, 15.29, 7, ARCX, 53182, 810030, 15.2313, 600, 3, 400, 2, 1, 0, 0, 0, 1, 0
1635343166451, 15.29, 300, XNAS, 15.33, 200, MEMX, 15.29, 16, MEMX, 53198, 810275, 15.2313, 500, 3, 400, 2, 1, 0, 0, 0, 1, 0
1635343186315, 15.29, 200, MEMX, 15.33, 100, XNAS, 15.33, 40, XADF, 53238, 810888, 15.2314, 400, 3, 200, 2, 1, 1, 0, 1, 0, 0
1635343250558, 15.29, 100, ARCX, 15.33, 200, BATS, 15.29, 1, XNAS, 53239, 810903, 15.2314, 100, 1, 800, 5, 1, 0, 0, 0, 1, 0
1635343250558, 15.29, 100, ARCX, 15.32, 100, XNAS, 15.3, 28, EDGX, 53267, 811332, 15.2314, 100, 1, 100, 1, 1, 0, 0, 0, 1, 0
1635343250558, 15.29, 100, ARCX, 15.32, 100, XNAS, 15.3, 6, EDGX, 53273, 811424, 15.2314, 100, 1, 100, 1, 1, 0, 0, 0, 1, 0
1635343250558, 15.29, 100, ARCX, 15.32, 100, XNAS, 15.29, 1, EDGX, 53274, 811439, 15.2314, 100, 1, 200, 2, 1, 0, 0, 0, 1, 0
1635343250558, 15.29, 100, ARCX, 15.32, 100, XNAS, 15.29, 9, EDGA, 53283, 811576, 15.2314, 100, 1, 200, 2, 1, 0, 0, 0, 1, 0
1635343250559, 15.27, 200, XNAS, 15.31, 100, BATS, 15.29, 100, ARCX, 53383, 813105, 15.2315, 200, 1, 200, 2, 0, 1, 1, 0, 0, 0
1635343250559, 15.27, 200, XNAS, 15.31, 100, BATS, 15.29, 5, ARCX, 53388, 813182, 15.2315, 200, 1, 200, 2, 1, 0, 1, 0, 0, 0
1635343252688, 15.27, 100, XNAS, 15.31, 200, MEMX, 15.28, 17, XNAS, 53405, 813442, 15.2316, 100, 1, 300, 2, 1, 0, 0, 0, 1, 0
1635343252698, 15.27, 100, XNAS, 15.31, 200, IEXG, 15.28, 15, XNAS, 53420, 813671, 15.2316, 100, 1, 600, 5, 1, 0, 0, 0, 1, 0
1635343296985, 15.27, 100, XNAS, 15.31, 400, XNAS, 15.31, 80, XADF, 53500, 814896, 15.2317, 100, 1, 800, 3, 1, 1, 0, 1, 0, 0
1635343336347, 15.27, 100, XNAS, 15.32, 200, XNAS, 15.295, 5, XNAS, 53505, 814972, 15.2317, 100, 1, 400, 3, 1, 0, 1, 0, 0, 0
1635343337017, 15.27, 100, XNAS, 15.32, 200, XNAS, 15.29, 5, XNAS, 53510, 815049, 15.2317, 100, 1, 300, 2, 1, 0, 0, 0, 1, 0
1635343350926, 15.27, 100, XNAS, 15.31, 100, XNAS, 15.29, 135, IEXG, 53645, 817113, 15.2319, 200, 2, 200, 2, 0, 1, 1, 0, 0, 0
1635343360096, 15.27, 100, XNAS, 15.3, 200, XNAS, 15.28, 24, XNAS, 53669, 817479, 15.2319, 100, 1, 300, 2, 1, 0, 0, 0, 1, 0
1635343368252, 15.27, 100, XNAS, 15.29, 100, MEMX, 15.27, 100, XNAS, 53769, 819006, 15.2319, 100, 1, 300, 3, 0, 0, 0, 0, 1, 0
1635343368252, 15.26, 100, BATS, 15.29, 100, MEMX, 15.27, 6, ARCX, 53775, 819098, 15.2319, 100, 1, 500, 5, 1, 0, 0, 0, 1, 0
1635343368253, 15.26, 100, BATS, 15.28, 300, MEMX, 15.27, 7, IEXG, 53782, 819205, 15.232, 100, 1, 500, 3, 1, 0, 1, 0, 0, 0
1635343368253, 15.26, 100, BATS, 15.28, 300, MEMX, 15.27, 7, IEXG, 53789, 819312, 15.232, 100, 1, 500, 3, 1, 0, 1, 0, 0, 0
1635343368253, 15.26, 100, BATS, 15.28, 300, MEMX, 15.27, 7, IEXG, 53796, 819419, 15.232, 100, 1, 500, 3, 1, 0, 1, 0, 0, 0
1635343401457, 15.26, 100, BATS, 15.28, 100, MEMX, 15.27, 1, XNAS, 53797, 819434, 15.232, 200, 2, 200, 2, 1, 0, 1, 0, 0, 0
1635343409345, 15.26, 100, BATS, 15.28, 600, XNAS, 15.26, 34, BATS, 53831, 819953, 15.232, 100, 1, 1300, 6, 1, 0, 0, 0, 1, 0
1635343409345, 15.25, 100, ARCX, 15.28, 600, XNAS, 15.26, 66, BATS, 53897, 820960, 15.232, 100, 1, 1300, 6, 1, 0, 0, 0, 1, 0
1635343409346, 15.25, 100, ARCX, 15.28, 600, XNAS, 15.26, 6, ARCX, 53903, 821052, 15.232, 100, 1, 1700, 6, 1, 0, 0, 0, 1, 0
1635343413655, 15.25, 100, ARCX, 15.27, 200, XNAS, 15.26, 10, IEXG, 53913, 821204, 15.232, 100, 1, 400, 3, 1, 0, 1, 0, 0, 0
1635343413656, 15.25, 100, ARCX, 15.27, 200, XNAS, 15.25, 90, ARCX, 54003, 822577, 15.2321, 100, 1, 400, 3, 1, 0, 0, 0, 1, 0
1635343413656, 15.24, 100, BATS, 15.27, 200, XNAS, 15.25, 10, ARCX, 54013, 822729, 15.2321, 200, 2, 300, 2, 1, 0, 0, 0, 1, 0
1635343413656, 15.24, 100, ARCX, 15.26, 300, MEMX, 15.25, 40, IEXG, 54053, 823339, 15.2321, 200, 2, 600, 3, 1, 0, 1, 0, 0, 0
1635343419383, 15.24, 100, ARCX, 15.26, 200, MEMX, 15.24, 100, ARCX, 54153, 824863, 15.2321, 100, 1, 500, 3, 0, 0, 0, 0, 1, 0
1635343452441, 15.21, 100, ARCX, 15.24, 300, XNAS, 15.21, 100, XNAS, 54253, 826384, 15.232, 100, 1, 600, 4, 0, 1, 0, 0, 1, 0
1635343452441, 15.21, 100, ARCX, 15.24, 300, XNAS, 15.21, 76, XNAS, 54329, 827540, 15.232, 100, 1, 600, 4, 1, 0, 0, 0, 1, 0
1635343452442, 15.21, 100, ARCX, 15.23, 100, XNAS, 15.21, 100, ARCX, 54429, 829061, 15.232, 100, 1, 100, 1, 0, 0, 0, 0, 1, 0
1635343452457, 15.17, 200, MEMX, 15.21, 400, EDGX, 15.19, 15, IEXG, 54444, 829289, 15.232, 300, 2, 900, 3, 1, 0, 1, 0, 0, 0
1635343453321, 15.17, 200, MEMX, 15.21, 400, EDGX, 15.19, 1, XNAS, 54445, 829304, 15.232, 200, 1, 900, 3, 1, 0, 1, 0, 0, 0
1635343519044, 15.15, 200, MEMX, 15.19, 300, XNAS, 15.1833, 2, XADF, 54447, 829335, 15.232, 300, 2, 1100, 6, 1, 1, 0, 1, 0, 0
1635343519379, 15.15, 100, XNAS, 15.19, 300, XNAS, 15.16, 5, XNAS, 54452, 829410, 15.232, 200, 2, 1100, 6, 1, 0, 0, 0, 1, 0
1635343519380, 15.15, 100, MEMX, 15.18, 100, BATS, 15.17, 10, IEXG, 54462, 829562, 15.2319, 200, 2, 100, 1, 1, 0, 0, 1, 0, 0
1635343519380, 15.15, 100, MEMX, 15.18, 100, BATS, 15.17, 30, IEXG, 54492, 830017, 15.2319, 200, 2, 100, 1, 1, 0, 0, 1, 0, 0
1635343519388, 15.14, 100, ARCX, 15.17, 100, XNAS, 15.155, 30, XADF, 54522, 830472, 15.2319, 100, 1, 100, 1, 1, 1, 1, 0, 0, 0
1635343524888, 15.14, 100, ARCX, 15.17, 100, BATY, 15.155, 10, XADF, 54532, 830623, 15.2319, 100, 1, 300, 3, 1, 1, 1, 0, 0, 0
1635343529678, 15.14, 100, ARCX, 15.17, 100, BATY, 15.155, 10, XADF, 54542, 830775, 15.2318, 200, 2, 300, 3, 1, 1, 1, 0, 0, 0
1635343534665, 15.14, 100, ARCX, 15.17, 100, BATY, 15.155, 10, XADF, 54552, 830926, 15.2318, 200, 2, 300, 3, 1, 1, 1, 0, 0, 0
1635343540671, 15.14, 100, ARCX, 15.17, 100, BATY, 15.155, 10, XADF, 54562, 831078, 15.2318, 200, 2, 300, 3, 1, 1, 1, 0, 0, 0
1635343545978, 15.14, 100, ARCX, 15.17, 100, BATY, 15.155, 10, XADF, 54572, 831230, 15.2318, 200, 2, 300, 3, 1, 1, 1, 0, 0, 0
1635343553306, 15.14, 100, ARCX, 15.17, 100, BATY, 15.155, 10, XADF, 54582, 831381, 15.2318, 100, 1, 300, 3, 1, 1, 1, 0, 0, 0
1635343557073, 15.14, 100, ARCX, 15.17, 100, BATY, 15.155, 10, XADF, 54592, 831533, 15.2318, 100, 1, 300, 3, 1, 1, 1, 0, 0, 0
1635343557074, 15.14, 100, ARCX, 15.17, 100, BATY, 15.17, 4, XPSX, 54596, 831593, 15.2318, 100, 1, 300, 3, 1, 0, 0, 1, 0, 0
1635343557074, 15.14, 100, ARCX, 15.17, 100, MEMX, 15.17, 100, XNAS, 54696, 833110, 15.2317, 100, 1, 100, 1, 0, 1, 0, 1, 0, 0
1635343557074, 15.14, 100, ARCX, 15.17, 100, MEMX, 15.17, 100, BATY, 54796, 834627, 15.2315, 100, 1, 100, 1, 0, 1, 0, 1, 0, 0
1635343557074, 15.14, 100, ARCX, 15.17, 100, MEMX, 15.17, 1, XNAS, 54797, 834643, 15.2315, 100, 1, 100, 1, 1, 0, 0, 1, 0, 0
1635343557074, 15.14, 100, ARCX, 15.17, 100, MEMX, 15.17, 1, XNAS, 54798, 834658, 15.2315, 100, 1, 100, 1, 1, 0, 0, 1, 0, 0
1635343557074, 15.14, 100, ARCX, 15.17, 100, MEMX, 15.17, 56, XNAS, 54854, 835507, 15.2315, 100, 1, 100, 1, 1, 0, 0, 1, 0, 0
1635343557074, 15.15, 200, XNAS, 15.17, 100, MEMX, 15.17, 15, BATY, 54869, 835735, 15.2315, 200, 1, 100, 1, 1, 0, 0, 1, 0, 0
1635343557074, 15.15, 100, XNAS, 15.17, 100, MEMX, 15.17, 1, MEMX, 54870, 835750, 15.2315, 100, 1, 100, 1, 1, 0, 0, 1, 0, 0
1635343557074, 15.15, 100, XNAS, 15.17, 100, MEMX, 15.17, 7, MEMX, 54877, 835856, 15.2314, 100, 1, 100, 1, 1, 0, 0, 1, 0, 0
1635343557074, 15.15, 100, XNAS, 15.19, 200, BATS, 15.17, 4, EPRL, 54881, 835917, 15.2314, 100, 1, 300, 2, 1, 0, 1, 0, 0, 0
1635343557074, 15.15, 100, XNAS, 15.19, 200, BATS, 15.17, 44, MEMX, 54925, 836584, 15.2314, 100, 1, 300, 2, 1, 0, 1, 0, 0, 0
1635343557074, 15.15, 100, XNAS, 15.19, 200, BATS, 15.17, 49, MEMX, 54974, 837328, 15.2313, 100, 1, 300, 2, 1, 0, 1, 0, 0, 0
1635343557074, 15.15, 100, XNAS, 15.19, 200, BATS, 15.17, 1, MEMX, 54975, 837343, 15.2313, 100, 1, 300, 2, 1, 0, 1, 0, 0, 0
1635343557074, 15.15, 100, XNAS, 15.19, 200, BATS, 15.17, 70, BATS, 55045, 838405, 15.2313, 100, 1, 300, 2, 1, 0, 1, 0, 0, 0
1635343557074, 15.15, 100, XNAS, 15.19, 100, XNAS, 15.17, 1, ARCX, 55046, 838420, 15.2313, 100, 1, 200, 2, 1, 0, 1, 0, 0, 0
1635343557074, 15.15, 100, XNAS, 15.19, 100, XNAS, 15.17, 1, ARCX, 55047, 838435, 15.2313, 100, 1, 200, 2, 1, 0, 1, 0, 0, 0
1635343557075, 15.16, 300, IEXG, 15.19, 200, MEMX, 15.16, 1, XADF, 55048, 838450, 15.2313, 700, 5, 400, 3, 1, 1, 0, 0, 1, 0
1635343581198, 15.14, 200, ARCX, 15.19, 100, XNAS, 15.19, 4, XADF, 55052, 838511, 15.2313, 1100, 6, 200, 2, 1, 1, 0, 1, 0, 0
1635343614339, 15.14, 100, ARCX, 15.19, 200, MEMX, 15.19, 1, XADF, 55053, 838526, 15.2313, 200, 2, 400, 3, 1, 1, 0, 1, 0, 0
1635343614409, 15.14, 100, ARCX, 15.19, 100, XNAS, 15.19, 9, XADF, 55062, 838663, 15.2312, 300, 3, 200, 2, 1, 1, 0, 1, 0, 0
1635343624447, 15.15, 200, XNAS, 15.19, 100, BATS, 15.17, 20, EDGX, 55082, 838966, 15.2312, 400, 3, 200, 2, 1, 0, 1, 0, 0, 0
1635343639011, 15.14, 100, ARCX, 15.18, 200, XNAS, 15.16, 7, BATS, 55089, 839072, 15.2312, 100, 1, 300, 2, 1, 0, 1, 0, 0, 0
1635343648639, 15.14, 100, ARCX, 15.17, 200, MEMX, 15.14, 1, XNAS, 55090, 839087, 15.2312, 100, 1, 500, 3, 1, 0, 0, 0, 1, 0
1635343648639, 15.14, 100, ARCX, 15.17, 200, MEMX, 15.14, 16, XNAS, 55106, 839330, 15.2312, 100, 1, 500, 3, 1, 0, 0, 0, 1, 0
1635343648639, 15.14, 100, ARCX, 15.17, 200, MEMX, 15.14, 5, XNAS, 55111, 839405, 15.2312, 100, 1, 500, 3, 1, 0, 0, 0, 1, 0
1635343648639, 15.14, 100, ARCX, 15.17, 200, MEMX, 15.14, 1, XNAS, 55112, 839421, 15.2312, 100, 1, 500, 3, 1, 0, 0, 0, 1, 0
1635343648639, 15.12, 100, XNAS, 15.17, 200, MEMX, 15.14, 100, ARCX, 55212, 840935, 15.231, 100, 1, 500, 3, 0, 1, 0, 0, 1, 0
1635343662478, 15.12, 100, XNAS, 15.14, 100, XNAS, 15.14, 76, XNAS, 55288, 842085, 15.2309, 200, 2, 100, 1, 1, 0, 0, 1, 0, 0
1635343662478, 15.12, 100, MEMX, 15.15, 100, MEMX, 15.14, 75, XNAS, 55363, 843221, 15.2308, 200, 2, 100, 1, 1, 0, 0, 1, 0, 0
1635343662478, 15.12, 100, MEMX, 15.15, 100, MEMX, 15.14, 12, XNAS, 55375, 843402, 15.2307, 200, 2, 100, 1, 1, 0, 0, 1, 0, 0
1635343662478, 15.12, 100, MEMX, 15.15, 100, MEMX, 15.14, 4, XNAS, 55379, 843463, 15.2307, 200, 2, 100, 1, 1, 0, 0, 1, 0, 0
1635343662478, 15.12, 100, MEMX, 15.15, 100, MEMX, 15.14, 33, XNAS, 55412, 843963, 15.2307, 200, 2, 100, 1, 1, 0, 0, 1, 0, 0
1635343662478, 15.12, 100, MEMX, 15.15, 100, MEMX, 15.14, 1, XNAS, 55413, 843978, 15.2307, 200, 2, 100, 1, 1, 0, 0, 1, 0, 0
1635343662478, 15.12, 100, MEMX, 15.15, 100, MEMX, 15.14, 1, XNAS, 55414, 843993, 15.2307, 200, 2, 100, 1, 1, 0, 0, 1, 0, 0
1635343662478, 15.12, 100, MEMX, 15.15, 100, MEMX, 15.14, 1, XNAS, 55415, 844008, 15.2307, 200, 2, 100, 1, 1, 0, 0, 1, 0, 0
1635343662478, 15.12, 100, MEMX, 15.15, 100, MEMX, 15.14, 1, XNAS, 55416, 844023, 15.2307, 200, 2, 100, 1, 1, 0, 0, 1, 0, 0
1635343662478, 15.12, 100, MEMX, 15.15, 100, MEMX, 15.14, 92, XNAS, 55508, 845416, 15.2305, 200, 2, 100, 1, 1, 0, 0, 1, 0, 0
1635343662478, 15.12, 100, MEMX, 15.15, 100, MEMX, 15.14, 4, XNAS, 55512, 845477, 15.2305, 200, 2, 100, 1, 1, 0, 0, 1, 0, 0
1635343662478, 15.12, 100, MEMX, 15.15, 100, MEMX, 15.14, 128, XNAS, 55640, 847414, 15.2303, 200, 2, 100, 1, 0, 1, 0, 1, 0, 0
1635343662478, 15.12, 100, MEMX, 15.15, 100, MEMX, 15.14, 27, XNAS, 55667, 847823, 15.2303, 200, 2, 100, 1, 1, 0, 0, 1, 0, 0
1635343662478, 15.12, 100, MEMX, 15.15, 100, MEMX, 15.14, 27, XNAS, 55694, 848232, 15.2302, 200, 2, 100, 1, 1, 0, 0, 1, 0, 0
1635343662478, 15.12, 100, MEMX, 15.14, 100, XNAS, 15.14, 148, XNAS, 55842, 850473, 15.23, 200, 2, 100, 1, 0, 0, 0, 1, 0, 0
1635343662478, 15.12, 100, MEMX, 15.14, 100, XNAS, 15.14, 1, BATS, 55843, 850488, 15.23, 200, 2, 100, 1, 1, 0, 0, 1, 0, 0
1635343662478, 15.13, 100, XNAS, 15.14, 100, XNAS, 15.14, 1, MEMX, 55844, 850503, 15.23, 100, 1, 100, 1, 1, 0, 0, 1, 0, 0
1635343662479, 15.12, 100, MEMX, 15.15, 100, MEMX, 15.14, 16, XNAS, 55860, 850745, 15.23, 200, 2, 100, 1, 1, 0, 0, 1, 0, 0
1635343662480, 15.12, 100, MEMX, 15.15, 100, MEMX, 15.14, 4, XNAS, 55864, 850806, 15.2299, 200, 2, 100, 1, 1, 0, 0, 1, 0, 0
1635343663463, 15.12, 100, MEMX, 15.17, 200, XNAS, 15.14, 50, XNAS, 55914, 851563, 15.2299, 200, 2, 400, 2, 1, 0, 0, 0, 1, 0
1635343695678, 15.12, 200, XNAS, 15.15, 100, XNAS, 15.15, 30, XNAS, 55944, 852017, 15.2298, 400, 3, 100, 1, 1, 0, 0, 1, 0, 0
1635343695678, 15.12, 300, XNAS, 15.15, 100, XNAS, 15.15, 6, XNAS, 55950, 852108, 15.2298, 500, 3, 100, 1, 1, 0, 0, 1, 0, 0
1635343695678, 15.12, 300, XNAS, 15.17, 200, XNAS, 15.15, 94, XNAS, 56044, 853532, 15.2297, 500, 3, 200, 1, 1, 0, 0, 1, 0, 0
1635343695678, 15.12, 300, XNAS, 15.17, 200, XNAS, 15.15, 14, XNAS, 56058, 853744, 15.2297, 500, 3, 200, 1, 1, 0, 0, 1, 0, 0
1635343695679, 15.12, 300, XNAS, 15.17, 200, XNAS, 15.15, 1, MEMX, 56059, 853760, 15.2297, 600, 3, 200, 1, 1, 0, 0, 1, 0, 0
1635343695679, 15.12, 300, XNAS, 15.17, 200, XNAS, 15.15, 1, MEMX, 56060, 853775, 15.2297, 600, 3, 200, 1, 1, 0, 0, 1, 0, 0
1635343695679, 15.13, 100, EDGX, 15.17, 200, MEMX, 15.15, 18, ARCX, 56078, 854047, 15.2296, 300, 3, 200, 1, 1, 0, 1, 0, 0, 0
1635343706886, 15.15, 100, IEXG, 15.21, 200, XNAS, 15.18, 100, XADF, 56178, 855565, 15.2295, 100, 1, 200, 1, 0, 1, 1, 0, 0, 0
1635343760015, 15.14, 100, ARCX, 15.18, 600, XNAS, 15.16, 7, XNAS, 56185, 855672, 15.2295, 200, 2, 1300, 6, 1, 0, 1, 0, 0, 0
1635343783719, 15.14, 100, ARCX, 15.18, 500, XNAS, 15.18, 10, BATS, 56195, 855823, 15.2295, 200, 2, 1200, 5, 1, 0, 0, 1, 0, 0
1635343818297, 15.14, 200, XNAS, 15.18, 500, XNAS, 15.16, 5, IEXG, 56200, 855899, 15.2295, 400, 3, 1200, 5, 1, 0, 1, 0, 0, 0
1635343818298, 15.14, 200, XNAS, 15.18, 500, XNAS, 15.16, 3, IEXG, 56203, 855945, 15.2295, 400, 3, 1200, 5, 1, 0, 1, 0, 0, 0
1635343818298, 15.14, 200, XNAS, 15.18, 500, XNAS, 15.16, 3, IEXG, 56206, 855990, 15.2295, 1000, 7, 1100, 5, 1, 0, 1, 0, 0, 0
1635343818299, 15.14, 200, XNAS, 15.18, 500, XNAS, 15.16, 3, IEXG, 56209, 856036, 15.2295, 900, 6, 1100, 5, 1, 0, 1, 0, 0, 0
1635343818299, 15.14, 200, XNAS, 15.18, 500, XNAS, 15.16, 3, IEXG, 56212, 856081, 15.2295, 300, 2, 1100, 5, 1, 0, 1, 0, 0, 0
1635343818300, 15.14, 200, XNAS, 15.18, 500, XNAS, 15.16, 3, IEXG, 56215, 856127, 15.2295, 300, 2, 1100, 5, 1, 0, 1, 0, 0, 0
1635343818300, 15.14, 200, XNAS, 15.18, 500, XNAS, 15.16, 3, IEXG, 56218, 856172, 15.2295, 300, 2, 1200, 6, 1, 0, 1, 0, 0, 0
1635343818300, 15.14, 200, XNAS, 15.18, 500, XNAS, 15.16, 3, IEXG, 56221, 856218, 15.2295, 300, 2, 1200, 6, 1, 0, 1, 0, 0, 0
1635343818301, 15.14, 200, XNAS, 15.18, 500, XNAS, 15.16, 3, IEXG, 56224, 856263, 15.2295, 300, 2, 1200, 6, 1, 0, 1, 0, 0, 0
1635343818301, 15.14, 200, XNAS, 15.18, 500, XNAS, 15.16, 3, IEXG, 56227, 856308, 15.2295, 300, 2, 1200, 6, 1, 0, 1, 0, 0, 0
1635343818302, 15.14, 200, XNAS, 15.18, 500, XNAS, 15.16, 3, IEXG, 56230, 856354, 15.2295, 300, 2, 1200, 6, 1, 0, 1, 0, 0, 0
1635343818302, 15.14, 200, XNAS, 15.18, 500, XNAS, 15.16, 3, IEXG, 56233, 856399, 15.2295, 300, 2, 1200, 6, 1, 0, 1, 0, 0, 0
1635343822015, 15.14, 200, XNAS, 15.18, 500, XNAS, 15.16, 7, XNAS, 56240, 856506, 15.2295, 300, 2, 1200, 5, 1, 0, 1, 0, 0, 0
1635343822016, 15.14, 200, XNAS, 15.18, 500, XNAS, 15.16, 3, IEXG, 56243, 856551, 15.2295, 300, 2, 1200, 5, 1, 0, 1, 0, 0, 0
1635343822016, 15.14, 200, XNAS, 15.18, 500, XNAS, 15.16, 3, IEXG, 56246, 856597, 15.2295, 300, 2, 1200, 6, 1, 0, 1, 0, 0, 0
1635343822017, 15.14, 200, XNAS, 15.18, 500, XNAS, 15.16, 3, IEXG, 56249, 856642, 15.2295, 300, 2, 1200, 6, 1, 0, 1, 0, 0, 0
1635343822017, 15.14, 200, XNAS, 15.18, 500, XNAS, 15.16, 3, IEXG, 56252, 856687, 15.2295, 900, 6, 1300, 6, 1, 0, 1, 0, 0, 0
1635343848313, 15.14, 200, XNAS, 15.18, 500, XNAS, 15.16, 1, XNAS, 56253, 856703, 15.2295, 400, 3, 1100, 5, 1, 0, 1, 0, 0, 0
1635343848313, 15.14, 200, XNAS, 15.18, 500, XNAS, 15.16, 50, XNAS, 56303, 857461, 15.2294, 400, 3, 1100, 5, 1, 0, 1, 0, 0, 0
1635343848313, 15.14, 200, XNAS, 15.18, 500, XNAS, 15.16, 39, XNAS, 56342, 858052, 15.2293, 400, 3, 1100, 5, 1, 0, 1, 0, 0, 0
1635343857005, 15.14, 200, XNAS, 15.18, 500, XNAS, 15.18, 1, XADF, 56343, 858067, 15.2293, 500, 4, 1100, 5, 1, 1, 0, 1, 0, 0
1635343884907, 15.14, 200, XNAS, 15.18, 600, XNAS, 15.15, 6, XNAS, 56349, 858158, 15.2293, 300, 2, 1000, 4, 1, 0, 0, 0, 1, 0
1635343887364, 15.14, 100, ARCX, 15.17, 100, XNAS, 15.14, 200, XNAS, 56549, 861186, 15.229, 100, 1, 100, 1, 0, 1, 0, 0, 1, 0
1635343887364, 15.13, 100, EDGX, 15.15, 100, XNAS, 15.14, 44, ARCX, 56609, 862094, 15.2289, 300, 3, 100, 1, 1, 0, 1, 0, 0, 0
1635343887364, 15.13, 100, EDGX, 15.15, 100, XNAS, 15.14, 8, ARCX, 56617, 862215, 15.2289, 300, 3, 100, 1, 1, 0, 1, 0, 0, 0
1635343887364, 15.13, 100, EDGX, 15.15, 100, XNAS, 15.14, 32, ARCX, 56649, 862700, 15.2289, 300, 3, 100, 1, 1, 0, 1, 0, 0, 0
1635343887366, 15.13, 100, ARCX, 15.15, 100, XNAS, 15.15, 100, MEMX, 56749, 864215, 15.2287, 200, 2, 100, 1, 0, 1, 0, 1, 0, 0
1635343910635, 15.13, 200, ARCX, 15.17, 100, XNAS, 15.13, 10, XADF, 56759, 864366, 15.2287, 700, 5, 100, 1, 1, 1, 0, 0, 1, 0
1635343937208, 15.13, 300, IEXG, 15.17, 100, XNAS, 15.15, 1, MEMX, 56760, 864381, 15.2287, 1000, 6, 100, 1, 1, 0, 1, 0, 0, 0
1635343937208, 15.13, 300, IEXG, 15.17, 100, XNAS, 15.15, 1, MEMX, 56761, 864397, 15.2287, 1000, 6, 100, 1, 1, 0, 1, 0, 0, 0
1635343937208, 15.13, 300, IEXG, 15.17, 100, XNAS, 15.15, 1, MEMX, 56762, 864412, 15.2287, 1000, 6, 100, 1, 1, 0, 1, 0, 0, 0
1635343937208, 15.14, 300, XNAS, 15.17, 100, XNAS, 15.15, 1, ARCX, 56763, 864427, 15.2287, 300, 1, 100, 1, 1, 0, 0, 0, 1, 0
1635343937214, 15.14, 300, XNAS, 15.17, 200, MEMX, 15.15, 1, XNAS, 56764, 864442, 15.2287, 400, 2, 300, 2, 1, 0, 0, 0, 1, 0
1635343944014, 15.13, 400, XNAS, 15.18, 600, XNAS, 15.16, 7, XNAS, 56771, 864548, 15.2287, 800, 4, 1500, 5, 1, 0, 0, 1, 0, 0
1635343985241, 15.14, 100, XNAS, 15.17, 100, XNAS, 15.17, 10, XADF, 56781, 864700, 15.2287, 100, 1, 200, 2, 1, 1, 0, 1, 0, 0
1635344002308, 15.14, 300, XNAS, 15.17, 100, BATS, 15.17, 1, XNAS, 56782, 864715, 15.2287, 700, 4, 100, 1, 1, 0, 0, 1, 0, 0
1635344002308, 15.14, 300, XNAS, 15.17, 100, BATS, 15.17, 2, XNAS, 56784, 864745, 15.2287, 700, 4, 100, 1, 1, 0, 0, 1, 0, 0
1635344002308, 15.14, 300, XNAS, 15.17, 100, BATS, 15.17, 97, XNAS, 56881, 866217, 15.2286, 700, 4, 100, 1, 1, 0, 0, 1, 0, 0
1635344002308, 15.14, 300, XNAS, 15.17, 100, BATS, 15.17, 3, XNAS, 56884, 866262, 15.2286, 700, 4, 100, 1, 1, 0, 0, 1, 0, 0
1635344002308, 15.16, 100, XNAS, 15.17, 100, BATS, 15.17, 1, MEMX, 56885, 866278, 15.2286, 100, 1, 100, 1, 1, 0, 0, 1, 0, 0
1635344002308, 15.16, 100, XNAS, 15.17, 100, BATS, 15.17, 1, MEMX, 56886, 866293, 15.2286, 100, 1, 100, 1, 1, 0, 0, 1, 0, 0
1635344002308, 15.16, 100, XNAS, 15.17, 100, BATS, 15.17, 4, BATS, 56890, 866353, 15.2286, 100, 1, 100, 1, 1, 0, 0, 1, 0, 0
1635344002308, 15.16, 100, XNAS, 15.18, 500, XNAS, 15.17, 148, BATS, 57038, 868599, 15.2284, 100, 1, 1100, 5, 0, 1, 1, 0, 0, 0
1635344002309, 15.17, 100, XNAS, 15.18, 500, XNAS, 15.17, 1, ARCX, 57039, 868614, 15.2284, 300, 3, 900, 4, 1, 0, 0, 0, 1, 0
1635344002309, 15.17, 100, XNAS, 15.18, 500, XNAS, 15.18, 500, XNAS, 57539, 876204, 15.228, 300, 3, 900, 4, 0, 0, 0, 1, 0, 0
1635344002309, 15.17, 100, MEMX, 15.18, 100, MEMX, 15.18, 114, ARCX, 57707, 878754, 15.2279, 300, 3, 200, 2, 0, 1, 0, 1, 0, 0
1635344002309, 15.17, 100, MEMX, 15.18, 100, MEMX, 15.18, 32, ARCX, 57739, 879240, 15.2278, 300, 3, 200, 2, 1, 0, 0, 1, 0, 0
1635344002309, 15.17, 100, MEMX, 15.18, 100, MEMX, 15.18, 16, MEMX, 57755, 879483, 15.2278, 300, 3, 200, 2, 1, 0, 0, 1, 0, 0
1635344002309, 15.17, 100, MEMX, 15.18, 100, MEMX, 15.18, 24, MEMX, 57779, 879847, 15.2278, 300, 3, 200, 2, 1, 0, 0, 1, 0, 0
1635344002309, 15.17, 100, MEMX, 15.18, 100, MEMX, 15.18, 60, MEMX, 57839, 880758, 15.2277, 300, 3, 200, 2, 1, 0, 0, 1, 0, 0
1635344002309, 15.17, 100, BATS, 15.18, 100, IEXG, 15.17, 15, XNYS, 57854, 880985, 15.2277, 300, 3, 100, 1, 1, 0, 0, 0, 1, 0
1635344002309, 15.17, 100, BATS, 15.18, 100, IEXG, 15.18, 90, BATS, 57944, 882351, 15.2277, 300, 3, 100, 1, 1, 0, 0, 1, 0, 0
1635344002310, 15.17, 200, MEMX, 15.18, 100, IEXG, 15.18, 98, IEXG, 58043, 883854, 15.2276, 700, 5, 100, 1, 1, 0, 0, 1, 0, 0
1635344002310, 15.17, 200, MEMX, 15.19, 100, XNAS, 15.18, 2, IEXG, 58045, 883885, 15.2276, 700, 5, 100, 1, 1, 0, 1, 0, 0, 0
1635344002310, 15.17, 200, MEMX, 15.19, 100, XNAS, 15.18, 100, IEXG, 58145, 885403, 15.2275, 800, 6, 100, 1, 0, 1, 1, 0, 0, 0
1635344002311, 15.17, 300, IEXG, 15.19, 100, XNAS, 15.19, 100, XNAS, 58245, 886922, 15.2274, 900, 6, 100, 1, 0, 0, 0, 1, 0, 0
1635344002314, 15.17, 300, BATS, 15.2, 100, XNAS, 15.18, 100, XADF, 58430, 889729, 15.2273, 1000, 5, 200, 2, 0, 1, 0, 0, 1, 0
1635344008019, 15.18, 200, XNAS, 15.21, 100, BATS, 15.21, 3, MEMX, 58433, 889775, 15.2273, 300, 2, 300, 3, 1, 0, 0, 1, 0, 0
1635344069100, 15.18, 300, XNAS, 15.21, 300, XNAS, 15.21, 6, IEXG, 58439, 889866, 15.2273, 600, 3, 500, 3, 1, 0, 0, 1, 0, 0
1635344087139, 15.18, 300, XNAS, 15.21, 200, XNAS, 15.21, 120, XADF, 58559, 891692, 15.2272, 600, 3, 300, 2, 0, 1, 0, 1, 0, 0
1635344094234, 15.18, 300, XNAS, 15.21, 200, XNAS, 15.18, 100, ARCX, 58659, 893210, 15.2272, 500, 2, 400, 2, 0, 1, 0, 0, 1, 0
1635344094245, 15.18, 300, XNAS, 15.21, 200, XNAS, 15.21, 100, XADF, 58759, 894731, 15.2271, 300, 1, 500, 3, 0, 1, 0, 1, 0, 0
1635344094281, 15.18, 300, XNAS, 15.21, 200, XNAS, 15.195, 3, XNAS, 58762, 894776, 15.2271, 300, 1, 600, 4, 1, 0, 1, 0, 0, 0
1635344102713, 15.18, 300, XNAS, 15.21, 200, XNAS, 15.195, 100, XADF, 58862, 896296, 15.2271, 500, 2, 300, 2, 0, 1, 1, 0, 0, 0
1635344107209, 15.18, 100, XNAS, 15.21, 200, XNAS, 15.195, 10, IEXG, 58872, 896448, 15.2271, 200, 2, 300, 2, 1, 0, 1, 0, 0, 0
1635344107209, 15.18, 100, XNAS, 15.21, 200, XNAS, 15.195, 35, XNAS, 58907, 896979, 15.227, 200, 2, 300, 2, 1, 0, 1, 0, 0, 0
1635344114029, 15.18, 100, XNAS, 15.21, 200, XNAS, 15.195, 1, IEXG, 58908, 896995, 15.227, 100, 1, 400, 3, 1, 0, 1, 0, 0, 0
1635344127028, 15.18, 100, XNAS, 15.21, 300, IEXG, 15.19, 5, XNAS, 58913, 897071, 15.227, 100, 1, 500, 2, 1, 0, 0, 0, 1, 0
1635344127431, 15.18, 100, XNAS, 15.2, 200, MEMX, 15.19, 1, IEXG, 58914, 897086, 15.227, 100, 1, 400, 2, 1, 0, 1, 0, 0, 0
1635344127431, 15.18, 100, XNAS, 15.2, 200, MEMX, 15.19, 3, IEXG, 58917, 897131, 15.227, 100, 1, 400, 2, 1, 0, 1, 0, 0, 0
1635344127432, 15.18, 100, XNAS, 15.2, 200, MEMX, 15.19, 3, IEXG, 58920, 897177, 15.227, 100, 1, 400, 2, 1, 0, 1, 0, 0, 0
1635344127432, 15.18, 100, XNAS, 15.2, 200, MEMX, 15.19, 3, IEXG, 58923, 897222, 15.227, 100, 1, 400, 2, 1, 0, 1, 0, 0, 0
1635344127433, 15.18, 100, XNAS, 15.2, 200, MEMX, 15.19, 3, IEXG, 58926, 897268, 15.227, 100, 1, 400, 2, 1, 0, 1, 0, 0, 0
1635344127433, 15.18, 100, XNAS, 15.2, 200, XNAS, 15.19, 3, IEXG, 58929, 897314, 15.227, 100, 1, 300, 2, 1, 0, 1, 0, 0, 0
1635344138434, 15.18, 100, XNAS, 15.2, 200, MEMX, 15.19, 70, XNAS, 58999, 898377, 15.227, 100, 1, 400, 3, 1, 0, 1, 0, 0, 0
1635344138453, 15.18, 100, XNAS, 15.2, 200, MEMX, 15.19, 10, XNAS, 59009, 898529, 15.227, 100, 1, 300, 2, 1, 0, 1, 0, 0, 0
1635344144512, 15.18, 100, XNAS, 15.21, 200, MEMX, 15.19, 2, BATS, 59011, 898559, 15.227, 200, 2, 300, 2, 1, 0, 0, 0, 1, 0
1635344151441, 15.18, 200, MEMX, 15.22, 200, IEXG, 15.2, 1, XNAS, 59012, 898574, 15.227, 300, 2, 700, 5, 1, 0, 1, 0, 0, 0
1635344167114, 15.19, 200, XNAS, 15.22, 200, MEMX, 15.2, 1, MEMX, 59013, 898590, 15.227, 400, 2, 400, 3, 1, 0, 0, 0, 1, 0
1635344167117, 15.19, 200, MEMX, 15.22, 200, MEMX, 15.2, 1, MEMX, 59014, 898605, 15.227, 200, 1, 400, 3, 1, 0, 0, 0, 1, 0
1635344167152, 15.19, 200, XNAS, 15.22, 200, MEMX, 15.2, 1, MEMX, 59015, 898620, 15.227, 300, 2, 400, 3, 1, 0, 0, 0, 1, 0
1635344180354, 15.18, 200, XNAS, 15.22, 100, XNAS, 15.2, 100, IEXG, 59115, 900140, 15.2269, 500, 4, 200, 2, 0, 1, 1, 0, 0, 0
1635344191260, 15.19, 200, XNAS, 15.23, 200, XNAS, 15.22, 5, XADF, 59120, 900216, 15.2269, 500, 3, 400, 2, 1, 1, 0, 1, 0, 0
1635344225262, 15.19, 200, XNAS, 15.22, 200, MEMX, 15.2, 2, XADF, 59122, 900247, 15.2269, 500, 4, 300, 2, 1, 1, 0, 0, 1, 0
1635344225263, 15.19, 200, XNAS, 15.22, 100, XNAS, 15.2, 1, BATS, 59123, 900262, 15.2269, 400, 3, 200, 2, 1, 0, 0, 0, 1, 0
1635344234577, 15.19, 200, XNAS, 15.23, 100, XNAS, 15.22, 1, MEMX, 59124, 900277, 15.2269, 400, 3, 100, 1, 1, 0, 0, 1, 0, 0
1635344234577, 15.19, 200, XNAS, 15.23, 100, XNAS, 15.22, 99, MEMX, 59223, 901784, 15.2269, 400, 3, 100, 1, 1, 0, 0, 1, 0, 0
1635344244814, 15.19, 200, XNAS, 15.22, 200, XNAS, 15.2, 1, XASE, 59224, 901799, 15.2269, 400, 3, 300, 2, 1, 0, 0, 0, 1, 0
1635344244846, 15.19, 200, XNAS, 15.22, 200, XNAS, 15.22, 9, XADF, 59233, 901936, 15.2269, 400, 3, 400, 3, 1, 1, 0, 1, 0, 0
1635344252318, 15.19, 200, XNAS, 15.22, 200, XNAS, 15.22, 3, XADF, 59236, 901982, 15.2269, 400, 3, 300, 2, 1, 1, 0, 1, 0, 0
1635344258543, 15.19, 100, ARCX, 15.22, 200, XNAS, 15.2, 1, IEXG, 59237, 901997, 15.2269, 300, 3, 300, 2, 1, 0, 0, 0, 1, 0
1635344263038, 15.19, 100, ARCX, 15.22, 200, XNAS, 15.205, 100, IEXG, 59337, 903517, 15.2269, 300, 3, 300, 2, 0, 1, 1, 0, 0, 0
1635344273791, 15.19, 100, ARCX, 15.22, 200, XNAS, 15.22, 1, XNAS, 59338, 903532, 15.2269, 300, 3, 300, 2, 1, 0, 0, 1, 0, 0
1635344273791, 15.19, 100, ARCX, 15.22, 200, XNAS, 15.22, 1, XNAS, 59339, 903548, 15.2269, 300, 3, 300, 2, 1, 0, 0, 1, 0, 0
1635344273791, 15.19, 100, ARCX, 15.22, 200, XNAS, 15.22, 1, XNAS, 59340, 903563, 15.2269, 300, 3, 300, 2, 1, 0, 0, 1, 0, 0
1635344273791, 15.19, 100, ARCX, 15.22, 200, XNAS, 15.22, 43, XNAS, 59383, 904217, 15.2269, 300, 3, 300, 2, 1, 0, 0, 1, 0, 0
1635344277738, 15.19, 100, ARCX, 15.22, 200, XNAS, 15.2, 1, BATS, 59384, 904233, 15.2269, 400, 4, 200, 1, 1, 0, 0, 0, 1, 0
1635344310020, 15.19, 300, XNAS, 15.22, 200, XNAS, 15.2, 1, XPSX, 59385, 904248, 15.2269, 600, 4, 400, 2, 1, 0, 0, 0, 1, 0
1635344311275, 15.19, 300, XNAS, 15.22, 200, XNAS, 15.2, 1, XCHI, 59386, 904263, 15.2269, 500, 3, 400, 2, 1, 0, 0, 0, 1, 0
1635344313019, 15.19, 300, XNAS, 15.22, 200, XNAS, 15.21, 1, XNAS, 59387, 904278, 15.2269, 1000, 6, 200, 1, 1, 0, 0, 1, 0, 0
1635344313019, 15.19, 300, XNAS, 15.22, 200, XNAS, 15.21, 1, XNAS, 59388, 904293, 15.2269, 1000, 6, 200, 1, 1, 0, 0, 1, 0, 0
1635344313019, 15.19, 300, XNAS, 15.22, 200, XNAS, 15.21, 1, XNAS, 59389, 904309, 15.2269, 1000, 6, 200, 1, 1, 0, 0, 1, 0, 0
1635344313019, 15.19, 400, XNAS, 15.22, 200, XNAS, 15.21, 1, MEMX, 59390, 904324, 15.2269, 1100, 6, 200, 1, 1, 0, 0, 1, 0, 0
1635344313020, 15.19, 400, XNAS, 15.22, 200, XNAS, 15.21, 1, XNAS, 59391, 904339, 15.2269, 1100, 6, 200, 1, 1, 0, 0, 1, 0, 0
