timestamp, bid_price, bid_size, bid_exchange, ask_price, ask_size, ask_exchange, trade_price, trade_size, trade_exchange, volume, notional_volume, vwap, nbb_agg_size, nbb_no_of_exchange, nbo_agg_size, nbo_no_of_exchange, is_odd_lot, is_hidden_order, is_mid_order, is_buy_order, is_sell_order, is_trade_through 
1635341404396, 45.65, 200, IEXG, 45.95, 1100, XNAS, 45.95, 1, XADF, 4041, 184391, 45.6301, 500, 4, 1400, 2, 1, 1, 0, 1, 0, 0
1635341404607, 45.65, 200, IEXG, 45.95, 1100, XNAS, 45.63, 1, XADF, 4042, 184437, 45.6301, 500, 4, 1400, 2, 1, 1, 0, 0, 1, 1
1635341405124, 45.65, 200, IEXG, 45.95, 1100, XNAS, 45.65, 1, XADF, 4043, 184482, 45.6301, 500, 4, 1400, 2, 1, 1, 0, 0, 1, 0
1635341415390, 45.65, 100, ARCX, 45.94, 300, IEXG, 45.795, 1, XNAS, 4044, 184528, 45.6301, 300, 3, 300, 1, 1, 0, 1, 0, 0, 0
1635341415411, 45.66, 300, MEMX, 45.94, 300, IEXG, 45.939, 1, XADF, 4045, 184574, 45.6302, 300, 1, 600, 2, 1, 1, 0, 1, 0, 0
1635341439831, 45.65, 100, ARCX, 45.95, 1100, XNAS, 45.8, 2, IEXG, 4049, 184758, 45.6304, 400, 4, 1100, 1, 1, 0, 1, 0, 0, 0
1635341444180, 45.65, 100, ARCX, 45.94, 800, XNAS, 45.66, 33, XADF, 4084, 186356, 45.6308, 400, 4, 800, 1, 1, 1, 0, 0, 1, 0
1635341461023, 45.65, 100, XNYS, 45.92, 400, XNAS, 45.65, 1, XNAS, 4085, 186402, 45.6308, 300, 3, 400, 1, 1, 0, 0, 0, 1, 0
1635341461023, 45.65, 100, XNYS, 45.92, 400, XNAS, 45.65, 1, XNAS, 4086, 186447, 45.6308, 300, 3, 400, 1, 1, 0, 0, 0, 1, 0
1635341461023, 45.65, 100, XNYS, 45.78, 100, XNAS, 45.65, 100, EDGX, 4186, 191012, 45.6312, 200, 2, 100, 1, 0, 1, 0, 0, 1, 0
1635341461024, 45.65, 100, XNYS, 45.78, 100, XNAS, 45.65, 168, ARCX, 4354, 198682, 45.632, 100, 1, 100, 1, 0, 1, 0, 0, 1, 0
1635341461024, 45.63, 800, XNAS, 45.78, 100, XNAS, 45.65, 168, ARCX, 4354, 198682, 45.632, 900, 2, 100, 1, 0, 1, 0, 0, 1, 0
1635341461024, 45.63, 800, XNAS, 45.78, 100, XNAS, 45.65, 99, XNYS, 4453, 203201, 45.6324, 900, 2, 100, 1, 1, 0, 0, 0, 1, 0
1635341461024, 45.63, 800, XNAS, 45.78, 100, XNAS, 45.65, 2, ARCX, 4455, 203292, 45.6324, 900, 2, 100, 1, 1, 0, 0, 0, 1, 0
1635341461024, 45.63, 800, XNAS, 45.78, 100, XNAS, 45.65, 1, XNYS, 4456, 203338, 45.6324, 900, 2, 100, 1, 1, 0, 0, 0, 1, 0
1635341461024, 45.63, 800, XNAS, 45.65, 100, XNAS, 45.63, 2, XNAS, 4458, 203429, 45.6324, 900, 2, 100, 1, 1, 0, 0, 0, 1, 0
1635341461024, 45.63, 400, XNAS, 45.65, 100, XNAS, 45.63, 100, XNAS, 4558, 207992, 45.6323, 500, 2, 100, 1, 0, 0, 0, 0, 1, 0
1635341461024, 45.63, 300, XNAS, 45.65, 100, XNAS, 45.63, 5, XNAS, 4563, 208220, 45.6323, 400, 2, 100, 1, 1, 0, 0, 0, 1, 0
1635341461024, 45.63, 300, XNAS, 45.65, 100, XNAS, 45.63, 30, XNAS, 4593, 209589, 45.6323, 400, 2, 100, 1, 1, 0, 0, 0, 1, 0
1635341461024, 45.63, 300, XNAS, 45.65, 100, XNAS, 45.63, 262, XNAS, 4855, 221544, 45.6322, 400, 2, 100, 1, 0, 0, 0, 0, 1, 0
1635341461024, 45.63, 300, XNAS, 45.65, 100, XNAS, 45.63, 60, XNAS, 4915, 224282, 45.6321, 400, 2, 100, 1, 1, 0, 0, 0, 1, 0
1635341461024, 45.63, 300, XNAS, 45.65, 100, XNAS, 45.63, 60, XNAS, 4975, 227020, 45.6321, 400, 2, 100, 1, 1, 0, 0, 0, 1, 0
1635341461024, 45.63, 300, XNAS, 45.65, 100, XNAS, 45.63, 18, XNAS, 4993, 227841, 45.6321, 400, 2, 100, 1, 1, 0, 0, 0, 1, 0
1635341461024, 45.63, 300, XNAS, 45.65, 100, XNAS, 45.63, 4, XNAS, 4997, 228024, 45.6321, 400, 2, 100, 1, 1, 0, 0, 0, 1, 0
1635341461024, 45.63, 300, XNAS, 45.65, 100, XNAS, 45.63, 8, XNAS, 5005, 228389, 45.6321, 400, 2, 100, 1, 1, 0, 0, 0, 1, 0
1635341461024, 45.63, 200, XNAS, 45.65, 100, XNAS, 45.63, 30, XNAS, 5035, 229758, 45.6321, 300, 2, 100, 1, 1, 0, 0, 0, 1, 0
1635341461024, 45.63, 100, XNYS, 45.65, 100, XNAS, 45.63, 12, XNAS, 5047, 230305, 45.6321, 100, 1, 100, 1, 1, 0, 0, 0, 1, 0
1635341461024, 45.63, 100, XNYS, 45.65, 100, XNAS, 45.63, 18, XNAS, 5065, 231126, 45.6321, 100, 1, 100, 1, 1, 0, 0, 0, 1, 0
1635341461024, 45.63, 100, XNYS, 45.65, 100, XNAS, 45.63, 282, XNAS, 5347, 243994, 45.632, 100, 1, 100, 1, 0, 1, 0, 0, 1, 0
1635341461024, 45.63, 100, XNYS, 45.65, 100, XNAS, 45.63, 40, EDGX, 5387, 245819, 45.632, 100, 1, 100, 1, 1, 0, 0, 0, 1, 0
1635341461024, 45.63, 100, XNYS, 45.65, 100, XNAS, 45.63, 10, EDGX, 5397, 246276, 45.632, 100, 1, 100, 1, 1, 0, 0, 0, 1, 0
1635341461024, 45.63, 100, XNYS, 45.65, 100, XNAS, 45.63, 25, EDGX, 5422, 247416, 45.6319, 100, 1, 100, 1, 1, 0, 0, 0, 1, 0
1635341461024, 45.63, 100, XNYS, 45.65, 100, XNAS, 45.63, 3, XNYS, 5425, 247553, 45.6319, 100, 1, 100, 1, 1, 0, 0, 0, 1, 0
1635341461024, 45.6, 100, ARCX, 45.65, 100, XNAS, 45.6, 15, XNAS, 5440, 248237, 45.6319, 100, 1, 100, 1, 1, 0, 0, 0, 1, 0
1635341461024, 45.6, 100, ARCX, 45.65, 100, XNAS, 45.6, 5, XNAS, 5445, 248465, 45.6318, 100, 1, 100, 1, 1, 0, 0, 0, 1, 0
1635341461024, 45.6, 100, ARCX, 45.65, 100, XNAS, 45.63, 97, XNYS, 5542, 252891, 45.6318, 100, 1, 100, 1, 1, 0, 0, 1, 0, 0
1635341461024, 45.6, 100, ARCX, 45.65, 100, XNAS, 45.6, 15, XNAS, 5557, 253575, 45.6317, 100, 1, 100, 1, 1, 0, 0, 0, 1, 0
1635341461025, 45.6, 100, ARCX, 45.64, 100, XNYS, 45.6, 3, ARCX, 5560, 253712, 45.6317, 100, 1, 100, 1, 1, 0, 0, 0, 1, 0
1635341461025, 45.6, 100, ARCX, 45.64, 100, XNYS, 45.6, 6, ARCX, 5566, 253986, 45.6317, 100, 1, 100, 1, 1, 0, 0, 0, 1, 0
1635341461025, 45.6, 100, ARCX, 45.64, 100, XNYS, 45.6, 6, ARCX, 5572, 254259, 45.6316, 100, 1, 100, 1, 1, 0, 0, 0, 1, 0
1635341461025, 45.49, 100, XNAS, 45.64, 100, XNYS, 45.6, 3, ARCX, 5575, 254396, 45.6316, 100, 1, 100, 1, 1, 0, 0, 1, 0, 0
1635341461025, 45.49, 100, XNAS, 45.64, 100, XNYS, 45.6, 3, ARCX, 5578, 254533, 45.6316, 100, 1, 100, 1, 1, 0, 0, 1, 0, 0
1635341461025, 45.49, 100, XNAS, 45.64, 100, XNYS, 45.6, 3, ARCX, 5581, 254670, 45.6316, 100, 1, 100, 1, 1, 0, 0, 1, 0, 0
1635341461025, 45.5, 200, BATS, 45.63, 200, XNYS, 45.6, 15, ARCX, 5596, 255354, 45.6315, 200, 1, 200, 1, 1, 0, 0, 1, 0, 0
1635341461025, 45.5, 200, BATS, 45.63, 200, XNYS, 45.6, 15, ARCX, 5611, 256038, 45.6314, 200, 1, 200, 1, 1, 0, 0, 1, 0, 0
1635341461025, 45.5, 200, BATS, 45.63, 200, XNYS, 45.6, 15, ARCX, 5626, 256722, 45.6313, 200, 1, 200, 1, 1, 0, 0, 1, 0, 0
1635341461025, 45.5, 200, BATS, 45.63, 200, XNYS, 45.6, 3, ARCX, 5629, 256859, 45.6313, 200, 1, 200, 1, 1, 0, 0, 1, 0, 0
1635341461025, 45.5, 200, BATS, 45.63, 200, XNYS, 45.6, 3, ARCX, 5632, 256995, 45.6313, 200, 1, 200, 1, 1, 0, 0, 1, 0, 0
1635341461025, 45.5, 200, BATS, 45.63, 200, XNYS, 45.6, 15, ARCX, 5647, 257679, 45.6312, 200, 1, 200, 1, 1, 0, 0, 1, 0, 0
1635341461025, 45.5, 200, BATS, 45.63, 200, XNYS, 45.6, 2, ARCX, 5649, 257771, 45.6312, 200, 1, 200, 1, 1, 0, 0, 1, 0, 0
1635341461025, 45.5, 200, BATS, 45.63, 200, XNYS, 45.6, 3, ARCX, 5652, 257907, 45.6312, 200, 1, 200, 1, 1, 0, 0, 1, 0, 0
1635341461025, 45.5, 200, BATS, 45.63, 200, XNYS, 45.6, 15, ARCX, 5667, 258591, 45.6311, 200, 1, 200, 1, 1, 0, 0, 1, 0, 0
1635341461025, 45.5, 200, BATS, 45.63, 200, XNYS, 45.64, 100, XADF, 5767, 263155, 45.6312, 200, 1, 200, 1, 0, 1, 0, 1, 0, 1
1635341461045, 45.49, 100, XNAS, 45.63, 200, XNYS, 45.5, 300, MEMX, 6067, 276805, 45.6248, 100, 1, 200, 1, 0, 1, 0, 0, 1, 0
1635341461128, 45.51, 100, XNAS, 45.63, 200, XNYS, 45.51, 1, XADF, 6068, 276851, 45.6247, 100, 1, 300, 2, 1, 1, 0, 0, 1, 0
1635341461129, 45.49, 100, XNAS, 45.63, 200, XNYS, 45.51, 100, XNAS, 6168, 281402, 45.6229, 100, 1, 300, 2, 0, 1, 0, 0, 1, 0
1635341461157, 45.46, 100, XNYS, 45.56, 100, XNAS, 45.49, 100, XNAS, 6268, 285951, 45.6208, 200, 2, 100, 1, 0, 1, 0, 0, 1, 0
1635341461158, 45.46, 100, XCHI, 45.53, 200, XNAS, 45.46, 100, XNYS, 6368, 290497, 45.6182, 100, 1, 200, 1, 0, 1, 0, 0, 1, 0
1635341465049, 45.36, 100, XNAS, 45.62, 100, BATS, 45.38, 2, XNAS, 6370, 290588, 45.6182, 100, 1, 100, 1, 1, 0, 0, 0, 1, 0
1635341467123, 45.35, 100, XNAS, 45.61, 100, XNAS, 45.38, 100, IEXG, 6470, 295126, 45.6145, 100, 1, 100, 1, 0, 1, 0, 0, 1, 0
1635341467139, 45.34, 100, XNAS, 45.61, 100, XNAS, 45.35, 106, XNAS, 6576, 299933, 45.6102, 100, 1, 100, 1, 0, 1, 0, 0, 1, 0
1635341467149, 45.22, 100, XNYS, 45.48, 100, XNAS, 45.22, 1000, XADF, 7576, 345153, 45.5587, 100, 1, 100, 1, 0, 1, 0, 0, 1, 0
1635341467151, 45.22, 100, XNYS, 45.48, 100, XNAS, 45.3, 2, EDGX, 7578, 345243, 45.5586, 100, 1, 100, 1, 1, 0, 0, 0, 1, 0
1635341467152, 45.22, 100, XNYS, 45.48, 100, XNAS, 45.3, 10, XADF, 7588, 345696, 45.5583, 200, 2, 100, 1, 1, 1, 0, 0, 1, 0
1635341467246, 45.14, 200, XCHI, 45.48, 200, XNAS, 45.285, 144, XADF, 7732, 352217, 45.5532, 300, 2, 200, 1, 0, 1, 0, 0, 1, 0
1635341467866, 45.18, 200, XNAS, 45.4, 100, XNAS, 45.29, 500, XADF, 8232, 374862, 45.5372, 300, 2, 100, 1, 0, 1, 1, 0, 0, 0
1635341467874, 45.18, 200, XNAS, 45.4, 100, XNAS, 45.29, 100, EPRL, 8332, 379391, 45.5343, 300, 2, 100, 1, 0, 1, 1, 0, 0, 0
1635341467889, 45.18, 200, XNAS, 45.4, 100, XNAS, 45.3127, 1000, XADF, 9332, 424704, 45.5105, 300, 2, 100, 1, 0, 1, 0, 1, 0, 0
1635341470887, 45.19, 400, XNAS, 45.45, 100, XNAS, 45.4, 100, XNAS, 9432, 429244, 45.5093, 400, 1, 100, 1, 0, 1, 0, 1, 0, 0
1635341470887, 45.29, 300, XNAS, 45.45, 100, XNAS, 45.4, 5, ARCX, 9437, 429471, 45.5093, 300, 1, 100, 1, 1, 0, 0, 1, 0, 0
1635341471452, 45.25, 100, XNAS, 45.48, 100, XNAS, 45.45, 100, XNAS, 9537, 434016, 45.5087, 100, 1, 100, 1, 0, 1, 0, 1, 0, 0
1635341479885, 45.32, 100, XNAS, 45.62, 100, BATS, 45.57, 100, BATS, 9637, 438573, 45.5093, 100, 1, 100, 1, 0, 1, 0, 1, 0, 0
1635341480045, 45.34, 100, XNAS, 45.62, 100, EDGA, 45.54, 100, XADF, 9737, 443127, 45.5096, 100, 1, 200, 2, 0, 1, 0, 1, 0, 0
1635341518900, 45.35, 200, IEXG, 45.61, 100, XNAS, 45.48, 1, XADF, 9738, 443173, 45.5096, 400, 3, 200, 2, 1, 1, 1, 0, 0, 0
1635341611932, 45.22, 200, XNAS, 45.46, 500, XNAS, 45.45, 100, XADF, 9838, 447718, 45.509, 300, 2, 700, 2, 0, 1, 0, 1, 0, 0
1635341623164, 45.22, 200, XNAS, 45.45, 300, XNAS, 45.22, 1, XADF, 9839, 447763, 45.509, 300, 2, 400, 2, 1, 1, 0, 0, 1, 0
1635341659696, 45.16, 300, XNAS, 45.41, 100, XNAS, 45.16, 6, XADF, 9845, 448034, 45.5088, 600, 3, 100, 1, 1, 1, 0, 0, 1, 0
1635341720130, 45.17, 400, XNAS, 45.4, 200, XNAS, 45.38, 100, XADF, 9945, 452572, 45.5075, 400, 1, 200, 1, 0, 1, 0, 1, 0, 0
1635341720130, 45.17, 400, XNAS, 45.4, 100, XNAS, 45.4, 34, XNAS, 9979, 454115, 45.5071, 400, 1, 100, 1, 1, 0, 0, 1, 0, 0
1635341720410, 45.17, 400, XNAS, 45.4, 100, XNAS, 45.3999, 5, XADF, 9990, 454615, 45.507, 600, 2, 100, 1, 1, 1, 0, 1, 0, 0
1635341837284, 45.17, 100, XNAS, 45.34, 200, XNAS, 45.34, 33, XADF, 10023, 456111, 45.5064, 100, 1, 200, 1, 1, 1, 0, 1, 0, 0
1635341850334, 45.17, 100, XNAS, 45.34, 200, XNAS, 45.171, 1, XADF, 10024, 456156, 45.5064, 100, 1, 200, 1, 1, 1, 0, 0, 1, 0
1635341850501, 45.17, 100, XNAS, 45.34, 500, XNAS, 45.19, 100, XNAS, 10124, 460675, 45.5033, 100, 1, 500, 1, 0, 1, 0, 0, 1, 0
1635341850501, 45.17, 100, EDGA, 45.33, 300, XNAS, 45.17, 100, XNAS, 10224, 465192, 45.5, 100, 1, 400, 2, 0, 1, 0, 0, 1, 0
1635341850502, 45.17, 100, EDGA, 45.33, 300, XNAS, 45.17, 1, XNAS, 10225, 465237, 45.5, 100, 1, 400, 2, 1, 0, 0, 0, 1, 0
1635341850502, 45.06, 100, XASE, 45.33, 300, XNAS, 45.17, 100, EDGA, 10325, 469754, 45.4968, 200, 2, 400, 2, 0, 1, 0, 0, 1, 0
1635341850502, 45.06, 100, XASE, 45.25, 100, XNAS, 45.19, 1, IEXG, 10326, 469799, 45.4967, 200, 2, 200, 2, 1, 0, 0, 1, 0, 0
1635341850960, 45.09, 100, XNAS, 45.3, 100, XNAS, 45.0901, 150, XADF, 10476, 476563, 45.4909, 100, 1, 100, 1, 0, 1, 0, 0, 1, 0
1635341850966, 45.09, 100, XNAS, 45.29, 300, MEMX, 45.09, 70, XADF, 10546, 479719, 45.4883, 200, 2, 300, 1, 1, 1, 0, 0, 1, 0
1635341850970, 45.08, 100, XNAS, 45.29, 300, MEMX, 45.1, 100, XNAS, 10646, 484229, 45.4846, 100, 1, 300, 1, 0, 1, 0, 0, 1, 0
1635341850970, 45.08, 100, XNAS, 45.29, 300, MEMX, 45.09, 100, XNAS, 10746, 488738, 45.4809, 100, 1, 300, 1, 0, 1, 0, 0, 1, 0
1635341873992, 45, 200, XCHI, 45.25, 100, XNAS, 45.02, 40, XADF, 10786, 490539, 45.4792, 500, 3, 100, 1, 1, 1, 0, 0, 1, 0
1635341874462, 45, 200, XCHI, 45.24, 200, XNAS, 45.08, 25, XNAS, 10811, 491666, 45.4783, 500, 3, 200, 1, 1, 0, 0, 0, 1, 0
1635341874462, 45, 200, XCHI, 45.08, 100, EDGX, 45.08, 100, BATY, 10911, 496174, 45.4747, 500, 3, 100, 1, 0, 1, 0, 1, 0, 0
1635341874463, 45, 200, XCHI, 45.24, 200, XNAS, 45.08, 100, EDGX, 11011, 500682, 45.4711, 500, 3, 200, 1, 0, 1, 0, 0, 1, 0
1635341878987, 45, 200, IEXG, 45.22, 100, XNAS, 45.02, 68, XNAS, 11079, 503743, 45.4683, 300, 2, 100, 1, 1, 0, 0, 0, 1, 0
1635341878987, 45, 200, IEXG, 45.22, 100, XNAS, 45.03, 54, BATS, 11133, 506175, 45.4662, 300, 2, 100, 1, 1, 0, 0, 0, 1, 0
1635341880265, 45, 100, XNAS, 45.21, 100, BATS, 45.01, 34, BATS, 11167, 507705, 45.4648, 100, 1, 100, 1, 1, 0, 0, 0, 1, 0
1635341881665, 44.97, 400, XNAS, 45.21, 100, BATS, 45, 30, XNAS, 11197, 509055, 45.4635, 800, 3, 100, 1, 1, 0, 0, 0, 1, 0
1635341881665, 44.97, 400, XNAS, 45.21, 100, BATS, 45, 1, XNAS, 11198, 509100, 45.4635, 800, 3, 100, 1, 1, 0, 0, 0, 1, 0
1635341881665, 44.97, 400, XNAS, 45.21, 100, BATS, 45, 20, EDGX, 11218, 510000, 45.4627, 800, 3, 100, 1, 1, 0, 0, 0, 1, 0
1635341883417, 44.97, 200, XNAS, 45.18, 300, XNAS, 44.97, 200, XNAS, 11418, 518994, 45.454, 200, 1, 400, 2, 0, 0, 0, 0, 1, 0
1635341883417, 44.97, 200, XNAS, 45.18, 300, XNAS, 44.97, 245, XNAS, 11663, 530012, 45.4439, 200, 1, 400, 2, 0, 0, 0, 0, 1, 0
1635341883425, 44.93, 200, XNAS, 45.16, 100, XNAS, 44.98, 100, XNAS, 11763, 534510, 45.4399, 200, 1, 100, 1, 0, 1, 0, 0, 1, 0
1635341909086, 44.93, 200, XNAS, 45.11, 400, XNAS, 45.11, 125, XADF, 11888, 540149, 45.4365, 200, 1, 400, 1, 0, 1, 0, 1, 0, 0
1635341913238, 44.93, 200, XNAS, 45.02, 100, XNAS, 44.95, 1, XNAS, 11889, 540194, 45.4364, 200, 1, 100, 1, 1, 0, 0, 0, 1, 0
1635341917779, 44.93, 200, XNAS, 45.02, 100, XNAS, 44.93, 757, XADF, 12646, 574206, 45.4061, 200, 1, 100, 1, 0, 1, 0, 0, 1, 0
1635341917780, 44.93, 200, XNAS, 45.02, 100, XNAS, 44.93, 593, XADF, 13239, 600849, 45.3848, 200, 1, 100, 1, 0, 1, 0, 0, 1, 0
1635341917884, 44.93, 200, XNAS, 45.02, 100, XNAS, 44.95, 340, XADF, 13579, 616132, 45.3739, 200, 1, 100, 1, 0, 1, 0, 0, 1, 0
1635341918439, 44.93, 200, XNAS, 45.02, 100, XNAS, 44.94, 1, XNAS, 13580, 616177, 45.3739, 200, 1, 200, 2, 1, 0, 0, 0, 1, 0
1635341918439, 44.93, 200, XNAS, 45.02, 100, XNAS, 44.93, 127, XNAS, 13707, 621883, 45.3698, 200, 1, 200, 2, 0, 0, 0, 0, 1, 0
1635341918439, 44.83, 300, XPSX, 45.02, 100, BATS, 44.93, 114, XNAS, 13821, 627005, 45.3661, 500, 3, 200, 2, 0, 1, 0, 1, 0, 0
1635341918466, 44.84, 200, XNAS, 44.96, 100, IEXG, 44.85, 50, XADF, 13871, 629248, 45.3643, 200, 1, 100, 1, 1, 1, 0, 0, 1, 0
1635341921718, 44.84, 200, IEXG, 45.01, 100, XNAS, 45.01, 1, EDGA, 13872, 629293, 45.3642, 400, 2, 100, 1, 1, 0, 0, 1, 0, 0
1635341925384, 44.8, 100, XNAS, 45.01, 300, XNAS, 44.83, 100, IEXG, 13972, 633776, 45.3604, 100, 1, 400, 2, 0, 1, 0, 0, 1, 0
1635341925386, 44.8, 200, IEXG, 45.01, 300, XNAS, 44.82, 100, IEXG, 14072, 638258, 45.3566, 300, 2, 300, 1, 0, 1, 0, 0, 1, 0
1635341943198, 44.84, 100, XNAS, 45.01, 300, XNAS, 44.85, 100, XNAS, 14172, 642743, 45.353, 100, 1, 300, 1, 0, 1, 0, 0, 1, 0
1635341958038, 44.85, 100, EDGA, 45.01, 100, EDGA, 44.93, 100, XNAS, 14272, 647236, 45.35, 200, 2, 200, 2, 0, 1, 1, 0, 0, 0
1635341958084, 44.81, 700, XNAS, 45.01, 100, EDGA, 44.99, 100, XNAS, 14372, 651735, 45.3475, 700, 1, 200, 2, 0, 1, 0, 1, 0, 0
1635341965785, 44.88, 100, XNAS, 45.02, 100, XNAS, 44.9774, 10, XADF, 14382, 652184, 45.3473, 100, 1, 100, 1, 1, 1, 0, 1, 0, 0
1635341974801, 44.89, 200, XNAS, 45.07, 100, XNAS, 44.96, 100, XNAS, 14482, 656680, 45.3446, 200, 1, 100, 1, 0, 1, 0, 0, 1, 0
1635341974801, 44.89, 200, XNAS, 45.07, 100, XNAS, 44.96, 276, XNAS, 14758, 669089, 45.3374, 200, 1, 100, 1, 0, 1, 0, 0, 1, 0
1635341975866, 44.93, 200, XNAS, 45.07, 100, XNAS, 45.0699, 30, XADF, 14788, 670442, 45.3369, 200, 1, 200, 2, 1, 1, 0, 1, 0, 0
1635341978754, 44.8, 200, XNAS, 45, 100, XNAS, 44.9, 100, IEXG, 14888, 674932, 45.3339, 200, 1, 100, 1, 0, 1, 1, 0, 0, 0
1635341985724, 44.88, 100, XNAS, 45, 100, XNAS, 44.99, 30, XADF, 14918, 676281, 45.3332, 100, 1, 100, 1, 1, 1, 0, 1, 0, 0
1635342056654, 44.89, 200, XNAS, 45.01, 100, XNAS, 44.97, 100, XNAS, 15018, 680778, 45.3308, 200, 1, 100, 1, 0, 1, 0, 1, 0, 0
1635342056654, 44.89, 200, XNAS, 45.01, 100, XNAS, 44.97, 1, XNAS, 15019, 680823, 45.3308, 200, 1, 100, 1, 1, 0, 0, 1, 0, 0
1635342065428, 44.92, 100, XNAS, 45.01, 100, XNAS, 44.93, 100, XADF, 15119, 685316, 45.3281, 100, 1, 100, 1, 0, 1, 0, 0, 1, 0
1635342068671, 44.92, 100, XNAS, 45.01, 100, XNAS, 45.009, 1, XADF, 15120, 685361, 45.3281, 100, 1, 100, 1, 1, 1, 0, 1, 0, 0
1635342073790, 44.88, 200, XNAS, 45.01, 100, EDGA, 45, 100, XNAS, 15220, 689861, 45.326, 200, 1, 100, 1, 0, 1, 0, 1, 0, 0
1635342073790, 44.88, 200, XNAS, 45.01, 100, EDGA, 45.01, 100, XNAS, 15320, 694362, 45.3239, 200, 1, 100, 1, 0, 1, 0, 1, 0, 0
1635342073790, 44.88, 200, XNAS, 45.01, 100, EDGA, 45.01, 5, XNAS, 15325, 694587, 45.3238, 200, 1, 100, 1, 1, 0, 0, 1, 0, 0
1635342073790, 44.88, 200, XNAS, 45.01, 100, EDGA, 45.01, 100, XNAS, 15425, 699088, 45.3218, 200, 1, 100, 1, 0, 1, 0, 1, 0, 0
1635342073790, 44.94, 100, XNAS, 45.11, 200, XPSX, 45.01, 15, EDGA, 15440, 699763, 45.3215, 100, 1, 300, 2, 1, 0, 0, 0, 1, 0
1635342073790, 44.94, 100, XNAS, 45.11, 200, XPSX, 45.01, 15, EDGA, 15455, 700439, 45.3212, 100, 1, 300, 2, 1, 0, 0, 0, 1, 0
1635342073790, 44.94, 100, XNAS, 45.11, 200, XPSX, 45.01, 70, EDGA, 15525, 703589, 45.3198, 100, 1, 300, 2, 1, 0, 0, 0, 1, 0
1635342112685, 44.99, 100, XASE, 45.11, 200, IEXG, 45.0279, 6, XADF, 15531, 703859, 45.3196, 100, 1, 300, 2, 1, 1, 0, 0, 1, 0
1635342114186, 45, 100, EDGX, 45.19, 200, XNAS, 45.02, 1, IEXG, 15532, 703904, 45.3196, 100, 1, 200, 1, 1, 0, 0, 0, 1, 0
1635342125395, 45.01, 100, EDGX, 45.21, 300, XNAS, 45.11, 1, XADF, 15533, 703950, 45.3196, 100, 1, 300, 1, 1, 1, 1, 0, 0, 0
1635342125397, 45.01, 100, EDGX, 45.21, 300, XNAS, 45.02, 61, XADF, 15594, 706696, 45.3184, 100, 1, 300, 1, 1, 1, 0, 0, 1, 0
1635342171618, 45.04, 100, IEXG, 45.21, 200, XNAS, 45.1829, 100, XADF, 15694, 711214, 45.3176, 200, 2, 200, 1, 0, 1, 0, 1, 0, 0
1635342280823, 45.12, 200, XNAS, 45.21, 100, XNAS, 45.2099, 1, XADF, 15695, 711259, 45.3176, 200, 1, 100, 1, 1, 1, 0, 1, 0, 0
1635342300019, 45.13, 300, XNAS, 45.21, 100, XNAS, 45.2, 60, XNAS, 15755, 713971, 45.3171, 300, 1, 100, 1, 1, 0, 0, 1, 0, 0
1635342300019, 45.13, 300, XNAS, 45.25, 300, XNAS, 45.21, 8, XNAS, 15763, 714333, 45.3171, 300, 1, 300, 1, 1, 0, 0, 1, 0, 0
1635342300019, 45.13, 300, XNAS, 45.25, 300, XNAS, 45.21, 32, XNAS, 15795, 715780, 45.3169, 300, 1, 300, 1, 1, 0, 0, 1, 0, 0
1635342300019, 45.13, 300, XNAS, 45.25, 200, XNAS, 45.21, 20, XBOS, 15815, 716684, 45.3167, 300, 1, 200, 1, 1, 0, 0, 1, 0, 0
1635342301500, 45.13, 300, XNAS, 45.25, 200, XNAS, 45.21, 10, XADF, 15825, 717136, 45.3167, 300, 1, 600, 3, 1, 1, 0, 1, 0, 0
1635342332619, 45.13, 300, XNAS, 45.25, 200, XCHI, 45.15, 54, XADF, 15879, 719574, 45.3161, 300, 1, 500, 3, 1, 1, 0, 0, 1, 0
1635342333442, 45.13, 300, XNAS, 45.25, 200, XCHI, 45.186, 54, XADF, 15933, 722014, 45.3156, 300, 1, 500, 3, 1, 1, 0, 0, 1, 0
1635342371390, 45.13, 400, XNAS, 45.25, 200, XCHI, 45.21, 68, XNAS, 16001, 725088, 45.3152, 400, 1, 300, 2, 1, 0, 0, 1, 0, 0
1635342435626, 45.25, 100, BATS, 45.4, 200, IEXG, 45.2722, 6, XADF, 16007, 725360, 45.3152, 100, 1, 300, 2, 1, 1, 0, 0, 1, 0
1635342459507, 45.24, 100, XNAS, 45.4, 200, IEXG, 45.3999, 10, XADF, 16017, 725814, 45.3152, 100, 1, 400, 2, 1, 1, 0, 1, 0, 0
1635342460403, 45.2, 100, XNAS, 45.39, 200, XNAS, 45.25, 6, ARCX, 16023, 726086, 45.3152, 100, 1, 200, 1, 1, 0, 0, 0, 1, 0
1635342504653, 45.24, 200, XNAS, 45.4, 200, IEXG, 45.32, 1, XNAS, 16024, 726131, 45.3152, 200, 1, 300, 2, 1, 0, 1, 0, 0, 0
1635342549453, 45.24, 200, XNAS, 45.4, 200, IEXG, 45.25, 1, XADF, 16025, 726176, 45.3152, 200, 1, 400, 2, 1, 1, 0, 0, 1, 0
1635342551016, 45.23, 100, XNAS, 45.4, 300, XNAS, 45.24, 1, XNAS, 16026, 726221, 45.3152, 100, 1, 500, 2, 1, 0, 0, 0, 1, 0
1635342551016, 45.23, 100, XNAS, 45.4, 300, XNAS, 45.24, 4, XNAS, 16030, 726402, 45.3152, 100, 1, 500, 2, 1, 0, 0, 0, 1, 0
1635342551018, 45.15, 100, EDGX, 45.31, 300, EDGX, 45.23, 200, IEXG, 16230, 735448, 45.3141, 100, 1, 600, 3, 0, 1, 1, 0, 0, 0
1635342551120, 45.16, 300, XNAS, 45.29, 300, XNAS, 45.17, 300, XNAS, 16530, 748999, 45.3115, 300, 1, 300, 1, 0, 1, 0, 0, 1, 0
1635342552027, 45.16, 100, XNAS, 45.28, 300, XNAS, 45.16, 21, XNAS, 16551, 749948, 45.3113, 100, 1, 300, 1, 1, 0, 0, 0, 1, 0
1635342552027, 45.15, 100, EDGX, 45.28, 300, XNAS, 45.16, 179, XNAS, 16730, 758031, 45.3097, 100, 1, 300, 1, 0, 1, 0, 0, 1, 0
1635342552027, 45.15, 100, EDGX, 45.23, 100, XNAS, 45.15, 22, XNAS, 16752, 759025, 45.3095, 100, 1, 100, 1, 1, 0, 0, 0, 1, 0
1635342552027, 45.15, 100, EDGX, 45.23, 100, XNAS, 45.15, 20, BATS, 16772, 759928, 45.3093, 100, 1, 100, 1, 1, 0, 0, 0, 1, 0
1635342552027, 45.07, 200, BATS, 45.23, 100, XNAS, 45.15, 100, EDGX, 16872, 764443, 45.3084, 200, 1, 100, 1, 0, 1, 1, 0, 0, 0
1635342552027, 45.07, 200, BATS, 45.23, 100, XNAS, 45.15, 54, XNAS, 16926, 766881, 45.3079, 200, 1, 100, 1, 1, 0, 1, 0, 0, 0
1635342552027, 45.07, 200, BATS, 45.19, 100, EDGA, 45.15, 23, BATS, 16949, 767919, 45.3076, 200, 1, 100, 1, 1, 0, 0, 1, 0, 0
1635342552028, 45.06, 300, XNAS, 45.23, 100, XNAS, 45.17, 11, BATS, 16960, 768416, 45.3075, 300, 1, 100, 1, 1, 0, 0, 1, 0, 0
1635342552028, 45.06, 300, XNAS, 45.23, 100, XNAS, 45.17, 11, EDGX, 16971, 768913, 45.3075, 300, 1, 100, 1, 1, 0, 0, 1, 0, 0
1635342552028, 45.06, 300, XNAS, 45.23, 100, XNAS, 45.17, 7, XNAS, 16978, 769229, 45.3074, 300, 1, 100, 1, 1, 0, 0, 1, 0, 0
1635342576793, 45.14, 100, IEXG, 45.27, 100, BATS, 45.1521, 170, XADF, 17148, 776905, 45.3059, 200, 2, 100, 1, 0, 1, 0, 0, 1, 0
1635342588778, 45.14, 100, XNAS, 45.27, 100, BATS, 45.15, 40, XADF, 17188, 778711, 45.3055, 100, 1, 200, 2, 1, 1, 0, 0, 1, 0
1635342592048, 45.12, 100, XNAS, 45.26, 200, XNAS, 45.15, 7, XNAS, 17195, 779027, 45.3054, 100, 1, 200, 1, 1, 0, 0, 0, 1, 0
1635342592048, 45.12, 100, XNAS, 45.26, 200, XNAS, 45.14, 4, XNAS, 17199, 779208, 45.3054, 100, 1, 200, 1, 1, 0, 0, 0, 1, 0
1635342592048, 45.12, 100, XNAS, 45.23, 100, XPSX, 45.14, 40, XNAS, 17239, 781013, 45.305, 100, 1, 100, 1, 1, 0, 0, 0, 1, 0
1635342592048, 45.12, 100, XNAS, 45.23, 100, XPSX, 45.14, 4, XNAS, 17243, 781194, 45.305, 100, 1, 100, 1, 1, 0, 0, 0, 1, 0
1635342592048, 45.12, 100, XNAS, 45.23, 100, XPSX, 45.14, 40, XNAS, 17283, 782999, 45.3046, 100, 1, 100, 1, 1, 0, 0, 0, 1, 0
1635342592048, 45.06, 100, IEXG, 45.23, 100, XPSX, 45.15, 11, BATS, 17294, 783496, 45.3045, 100, 1, 100, 1, 1, 0, 0, 1, 0, 0
1635342592048, 45.06, 100, IEXG, 45.23, 100, XPSX, 45.15, 11, BATS, 17305, 783993, 45.3044, 100, 1, 100, 1, 1, 0, 0, 1, 0, 0
1635342592049, 45.05, 100, XPSX, 45.23, 100, XPSX, 45.14, 3, IEXG, 17308, 784128, 45.3044, 200, 2, 100, 1, 1, 0, 1, 0, 0, 0
1635342599210, 45.08, 200, IEXG, 45.24, 200, XCHI, 45.16, 20, XNAS, 17328, 785031, 45.3042, 400, 2, 400, 2, 1, 0, 1, 0, 0, 0
1635342609413, 45.11, 200, XNAS, 45.23, 200, XCHI, 45.21, 20, XNAS, 17348, 785935, 45.3041, 200, 1, 200, 1, 1, 0, 0, 1, 0, 0
1635342613644, 45.14, 100, XNAS, 45.23, 100, BATS, 45.185, 2500, XADF, 19848, 898898, 45.2891, 100, 1, 100, 1, 0, 1, 1, 0, 0, 0
1635342613645, 45.14, 100, XNAS, 45.23, 100, BATS, 45.185, 500, XADF, 20348, 921490, 45.2865, 100, 1, 100, 1, 0, 1, 1, 0, 0, 0
1635342630518, 45.14, 100, ARCX, 45.23, 100, XNAS, 45.145, 160, XADF, 20508, 928714, 45.2854, 100, 1, 200, 2, 0, 1, 0, 0, 1, 0
1635342630519, 45.14, 100, ARCX, 45.23, 100, XNAS, 45.15, 100, XADF, 20608, 933229, 45.2848, 100, 1, 200, 2, 0, 1, 0, 0, 1, 0
1635342630534, 45.14, 100, ARCX, 45.23, 100, XNAS, 45.15, 400, XADF, 21008, 951289, 45.2822, 100, 1, 200, 2, 0, 1, 0, 0, 1, 0
1635342665945, 45.14, 100, ARCX, 45.23, 100, BATS, 45.15, 20, XNAS, 21028, 952192, 45.2821, 100, 1, 200, 2, 1, 0, 0, 0, 1, 0
1635342665945, 45.14, 100, ARCX, 45.23, 100, BATS, 45.15, 20, XNAS, 21048, 953095, 45.282, 100, 1, 200, 2, 1, 0, 0, 0, 1, 0
1635342665945, 45.14, 100, ARCX, 45.23, 100, BATS, 45.15, 20, XNAS, 21068, 953998, 45.2818, 100, 1, 200, 2, 1, 0, 0, 0, 1, 0
1635342665946, 45.14, 100, ARCX, 45.22, 100, XNAS, 45.14, 20, XNAS, 21088, 954900, 45.2817, 100, 1, 100, 1, 1, 0, 0, 0, 1, 0
1635342665946, 45.12, 100, XNAS, 45.22, 100, XNAS, 45.12, 100, XNAS, 21341, 966319, 45.2799, 100, 1, 200, 2, 0, 0, 0, 0, 1, 0
1635342665946, 45.11, 100, XNAS, 45.22, 100, BATS, 45.11, 100, XNAS, 21441, 970830, 45.2791, 100, 1, 200, 2, 0, 0, 0, 0, 1, 0
1635342665946, 45.09, 100, XNAS, 45.22, 100, BATS, 45.14, 21, BATS, 21462, 971778, 45.279, 100, 1, 200, 2, 1, 0, 0, 0, 1, 0
1635342665946, 45.08, 100, XNAS, 45.21, 300, MEMX, 45.14, 100, XCIS, 21562, 976292, 45.2784, 100, 1, 300, 1, 0, 1, 0, 0, 1, 0
1635342665946, 45.03, 100, XPSX, 45.21, 300, MEMX, 45.14, 3, IEXG, 21565, 976427, 45.2783, 100, 1, 300, 1, 1, 0, 0, 1, 0, 0
1635342755792, 45.03, 100, IEXG, 45.1, 100, XNAS, 45.03, 100, IEXG, 21665, 980930, 45.2772, 100, 1, 200, 2, 0, 0, 0, 0, 1, 0
1635342755906, 45.03, 100, IEXG, 45.1, 100, XNAS, 45.03, 1, XNAS, 21666, 980975, 45.2772, 100, 1, 200, 2, 1, 0, 0, 0, 1, 0
1635342755906, 45.03, 100, IEXG, 45.1, 100, XNAS, 45.03, 1, XNAS, 21667, 981020, 45.2772, 100, 1, 200, 2, 1, 0, 0, 0, 1, 0
1635342755906, 45.03, 100, IEXG, 45.1, 100, XNAS, 45.03, 45, EDGX, 21712, 983047, 45.2767, 100, 1, 200, 2, 1, 0, 0, 0, 1, 0
1635342755906, 45.03, 100, IEXG, 45.1, 100, XNAS, 45.03, 1, XNAS, 21713, 983092, 45.2766, 100, 1, 200, 2, 1, 0, 0, 0, 1, 0
1635342755907, 45.03, 100, IEXG, 45.08, 100, XNAS, 45.03, 55, XNAS, 21768, 985568, 45.276, 100, 1, 100, 1, 1, 0, 0, 0, 1, 0
1635342755907, 45.03, 100, IEXG, 45.08, 100, XNAS, 45.03, 100, IEXG, 21868, 990071, 45.2749, 100, 1, 100, 1, 0, 0, 0, 0, 1, 0
1635342755907, 45.03, 100, IEXG, 45.08, 100, XNAS, 45.03, 100, IEXG, 21968, 994574, 45.2738, 100, 1, 100, 1, 0, 0, 0, 0, 1, 0
1635342755907, 45.03, 100, IEXG, 45.08, 100, XNAS, 45.03, 5, IEXG, 21973, 994799, 45.2737, 100, 1, 100, 1, 1, 0, 0, 0, 1, 0
1635342755907, 45.03, 100, IEXG, 45.08, 100, XNAS, 45.03, 15, IEXG, 21988, 995475, 45.2736, 100, 1, 100, 1, 1, 0, 0, 0, 1, 0
1635342755907, 45.03, 100, IEXG, 45.08, 100, XNAS, 45.03, 30, IEXG, 22018, 996826, 45.2732, 100, 1, 100, 1, 1, 0, 0, 0, 1, 0
1635342755907, 45.03, 100, IEXG, 45.08, 100, XNAS, 45.03, 100, IEXG, 22118, 1.00133e+06, 45.2721, 100, 1, 100, 1, 0, 0, 0, 0, 1, 0
1635342755907, 45.03, 100, IEXG, 45.08, 100, XNAS, 45.03, 1, IEXG, 22119, 1.00137e+06, 45.2721, 100, 1, 100, 1, 1, 0, 0, 0, 1, 0
1635342755908, 45.03, 100, IEXG, 45.08, 100, XNAS, 45.03, 100, IEXG, 22219, 1.00588e+06, 45.271, 100, 1, 100, 1, 0, 0, 0, 0, 1, 0
1635342769593, 45.03, 100, IEXG, 45.08, 300, XNAS, 45.03, 100, IEXG, 22319, 1.01038e+06, 45.2699, 100, 1, 400, 2, 0, 0, 0, 0, 1, 0
1635342813590, 45.02, 200, XNAS, 45.08, 100, BATS, 45.08, 100, XNAS, 22419, 1.01489e+06, 45.2691, 400, 3, 100, 1, 0, 1, 0, 1, 0, 0
1635342813590, 45.02, 200, XNAS, 45.08, 100, BATS, 45.08, 100, XNAS, 22519, 1.0194e+06, 45.2683, 400, 3, 100, 1, 0, 1, 0, 1, 0, 0
1635342813590, 45.04, 100, XNAS, 45.15, 100, XNAS, 45.08, 100, BATS, 22619, 1.0239e+06, 45.2674, 100, 1, 100, 1, 0, 1, 0, 0, 1, 0
1635342813590, 45.06, 100, BATS, 45.17, 300, MEMX, 45.08, 1, IEXG, 22620, 1.02395e+06, 45.2674, 200, 2, 300, 1, 1, 0, 0, 0, 1, 0
1635342813604, 45.06, 100, BATS, 45.15, 100, BATS, 45.07, 100, XNAS, 22720, 1.02846e+06, 45.2665, 300, 3, 300, 3, 0, 1, 0, 0, 1, 0
1635342813604, 45.06, 100, BATS, 45.15, 100, BATS, 45.06, 29, XNAS, 22749, 1.02976e+06, 45.2663, 300, 3, 300, 3, 1, 0, 0, 0, 1, 0
1635342813604, 45.06, 100, BATS, 45.15, 100, BATS, 45.06, 100, EDGA, 22849, 1.03427e+06, 45.2654, 200, 2, 300, 3, 0, 1, 0, 0, 1, 0
1635342813604, 45.06, 100, BATS, 45.15, 100, BATS, 45.06, 14, XNAS, 22863, 1.0349e+06, 45.2653, 100, 1, 300, 3, 1, 0, 0, 0, 1, 0
1635342813604, 45.06, 100, BATS, 45.15, 100, BATS, 45.06, 86, XNAS, 22949, 1.03877e+06, 45.2645, 100, 1, 300, 3, 1, 0, 0, 0, 1, 0
1635342813604, 45.06, 100, BATS, 45.15, 100, BATS, 45.06, 100, BATS, 23049, 1.04328e+06, 45.2636, 100, 1, 300, 3, 0, 0, 0, 0, 1, 0
1635342813604, 45.04, 200, XNAS, 45.15, 100, EDGA, 45.06, 67, BATS, 23116, 1.0463e+06, 45.263, 200, 1, 300, 3, 1, 0, 0, 0, 1, 0
1635342931005, 45.04, 200, XCHI, 45.18, 200, XCHI, 45.07, 5, XADF, 23121, 1.04653e+06, 45.263, 500, 3, 200, 1, 1, 1, 0, 0, 1, 0
1635342943827, 45.04, 200, XCHI, 45.15, 100, BATS, 45.0923, 100, XADF, 23221, 1.05103e+06, 45.2622, 500, 3, 100, 1, 0, 1, 0, 0, 1, 0
1635342972269, 45.04, 200, XCHI, 45.15, 100, BATS, 45.07, 35, XNAS, 23256, 1.05261e+06, 45.2619, 500, 3, 100, 1, 1, 0, 0, 0, 1, 0
1635342972269, 45.04, 200, XCHI, 45.15, 100, BATS, 45.07, 3, XNAS, 23259, 1.05275e+06, 45.2619, 500, 3, 100, 1, 1, 0, 0, 0, 1, 0
1635343055786, 45.02, 100, XCIS, 45.14, 100, EDGA, 45.08, 100, XADF, 23359, 1.05725e+06, 45.2611, 400, 4, 100, 1, 0, 1, 1, 0, 0, 0
1635343081488, 45.05, 100, IEXG, 45.17, 100, EDGA, 45.11, 33, XADF, 23392, 1.05874e+06, 45.2609, 200, 2, 300, 3, 1, 1, 1, 0, 0, 0
1635343089282, 45.05, 100, IEXG, 45.17, 100, EDGA, 45.05, 1, XADF, 23393, 1.05879e+06, 45.2609, 200, 2, 200, 2, 1, 1, 0, 0, 1, 0
1635343110577, 45.07, 100, IEXG, 45.18, 100, XCHI, 45.08, 64, XADF, 23457, 1.06167e+06, 45.2604, 100, 1, 200, 2, 1, 1, 0, 0, 1, 0
1635343140749, 45.07, 100, IEXG, 45.18, 100, XCHI, 45.15, 1, EDGX, 23458, 1.06172e+06, 45.2604, 200, 2, 100, 1, 1, 0, 0, 1, 0, 0
1635343140750, 45.07, 300, IEXG, 45.2, 200, XCHI, 45.15, 4, XADF, 23462, 1.0619e+06, 45.2604, 300, 1, 300, 2, 1, 1, 0, 1, 0, 0
1635343172160, 45.09, 100, IEXG, 45.2, 100, EDGA, 45.18, 1, XNAS, 23463, 1.06194e+06, 45.2604, 200, 2, 100, 1, 1, 0, 0, 1, 0, 0
1635343172160, 45.09, 100, IEXG, 45.2, 100, EDGA, 45.18, 13, BATS, 23476, 1.06253e+06, 45.2604, 200, 2, 100, 1, 1, 0, 0, 1, 0, 0
1635343179988, 45.09, 100, IEXG, 45.18, 200, XNAS, 45.17, 100, EDGA, 23576, 1.06705e+06, 45.26, 100, 1, 300, 2, 0, 1, 0, 1, 0, 0
1635343179990, 45.09, 100, IEXG, 45.18, 200, XNAS, 45.17, 17, XADF, 23593, 1.06782e+06, 45.2599, 100, 1, 200, 1, 1, 1, 0, 1, 0, 0
1635343213296, 45.05, 200, XCHI, 45.18, 100, XNAS, 45.115, 400, XADF, 23993, 1.08586e+06, 45.2575, 500, 3, 100, 1, 0, 1, 1, 0, 0, 0
1635343213298, 45.05, 200, XCHI, 45.18, 100, XNAS, 45.0513, 1600, XADF, 25593, 1.15794e+06, 45.2446, 500, 3, 100, 1, 0, 1, 0, 0, 1, 0
1635343213419, 45.05, 200, XCHI, 45.17, 100, XNAS, 45.06, 100, XADF, 25693, 1.16245e+06, 45.2439, 600, 4, 100, 1, 0, 1, 0, 0, 1, 0
1635343217949, 45.06, 200, XNAS, 45.17, 100, XNAS, 45.07, 100, EDGA, 25793, 1.16696e+06, 45.2432, 200, 1, 200, 2, 0, 1, 0, 0, 1, 0
1635343232536, 45.07, 100, IEXG, 45.16, 100, XPSX, 45.07, 10, XNAS, 25803, 1.16741e+06, 45.2431, 100, 1, 100, 1, 1, 0, 0, 0, 1, 0
1635343232536, 45.07, 100, IEXG, 45.16, 100, XPSX, 45.07, 50, XNAS, 25853, 1.16966e+06, 45.2428, 100, 1, 100, 1, 1, 0, 0, 0, 1, 0
1635343232536, 45.07, 100, IEXG, 45.16, 100, XPSX, 45.07, 20, XNAS, 25873, 1.17056e+06, 45.2427, 100, 1, 100, 1, 1, 0, 0, 0, 1, 0
1635343232536, 45.07, 100, IEXG, 45.16, 100, XPSX, 45.07, 100, XNAS, 25973, 1.17507e+06, 45.242, 100, 1, 100, 1, 0, 1, 0, 0, 1, 0
1635343232536, 45.07, 100, IEXG, 45.15, 300, XPSX, 45.07, 1, BATS, 25974, 1.17512e+06, 45.242, 100, 1, 500, 2, 1, 0, 0, 0, 1, 0
1635343242056, 45.04, 200, IEXG, 45.18, 200, XNAS, 45.082, 200, XADF, 26174, 1.18413e+06, 45.2408, 300, 2, 200, 1, 0, 1, 0, 0, 1, 0
1635343242057, 45.04, 200, IEXG, 45.18, 200, XNAS, 45.0414, 1800, XADF, 27974, 1.26521e+06, 45.2279, 300, 2, 200, 1, 0, 1, 0, 0, 1, 0
1635343242447, 45.04, 100, XNAS, 45.17, 100, XNAS, 45.14, 3, XADF, 27977, 1.26534e+06, 45.2279, 200, 2, 100, 1, 1, 1, 0, 1, 0, 0
1635343247917, 45.04, 100, IEXG, 45.15, 100, XPSX, 45.14, 5, XADF, 27982, 1.26557e+06, 45.2279, 100, 1, 200, 2, 1, 1, 0, 1, 0, 0
1635343252710, 45.04, 100, XNAS, 45.18, 200, XNAS, 45.04, 6, XNAS, 27988, 1.26584e+06, 45.2279, 100, 1, 200, 1, 1, 0, 0, 0, 1, 0
1635343252710, 45.03, 100, XNAS, 45.18, 200, XNAS, 45.04, 94, XNAS, 28082, 1.27007e+06, 45.2273, 100, 1, 200, 1, 1, 0, 0, 0, 1, 0
1635343252710, 45.03, 100, XNAS, 45.18, 200, XNAS, 45.04, 6, XNAS, 28088, 1.27034e+06, 45.2272, 100, 1, 200, 1, 1, 0, 0, 0, 1, 0
1635343252711, 45.03, 100, XNAS, 45.14, 200, XPSX, 45.04, 3, ARCX, 28091, 1.27048e+06, 45.2272, 100, 1, 200, 1, 1, 0, 0, 0, 1, 0
1635343252711, 45.02, 100, XCIS, 45.14, 200, XPSX, 45.03, 100, XNAS, 28191, 1.27498e+06, 45.2265, 300, 3, 200, 1, 0, 1, 0, 0, 1, 0
1635343252712, 45.02, 100, XCIS, 45.1, 200, XNAS, 45.02, 100, XNAS, 28291, 1.27948e+06, 45.2258, 300, 3, 200, 1, 0, 0, 0, 0, 1, 0
1635343252712, 45.02, 100, XCIS, 45.1, 100, XNAS, 45.02, 179, BATY, 28470, 1.28754e+06, 45.2245, 100, 1, 300, 3, 0, 1, 0, 0, 1, 0
1635343252712, 45.02, 100, XCIS, 45.1, 100, XNAS, 45.04, 100, XCIS, 28570, 1.29204e+06, 45.2238, 100, 1, 300, 3, 0, 1, 0, 0, 1, 0
1635343252717, 45.02, 100, XCIS, 45.1, 300, IEXG, 45.02, 100, XCIS, 28670, 1.29655e+06, 45.2231, 100, 1, 600, 4, 0, 0, 0, 0, 1, 0
1635343252722, 44.93, 300, BATS, 45.1, 300, IEXG, 45, 100, XNAS, 28770, 1.30105e+06, 45.2223, 700, 4, 600, 4, 0, 1, 0, 0, 1, 0
1635343252722, 44.93, 300, BATS, 45.08, 200, XNAS, 45, 2, EDGX, 28772, 1.30114e+06, 45.2223, 700, 4, 400, 2, 1, 0, 0, 0, 1, 0
1635343252723, 44.93, 300, BATS, 45.04, 100, EDGX, 45, 18, XADF, 28790, 1.30195e+06, 45.2222, 900, 5, 200, 2, 1, 1, 0, 1, 0, 0
1635343253019, 44.93, 200, XCHI, 45.04, 200, BATS, 44.99, 1, XNAS, 28791, 1.30199e+06, 45.2222, 300, 2, 400, 3, 1, 0, 0, 1, 0, 0
1635343253020, 44.93, 200, XCHI, 45.01, 100, XNAS, 44.99, 1, EDGA, 28792, 1.30204e+06, 45.2222, 300, 2, 100, 1, 1, 0, 0, 1, 0, 0
1635343254796, 44.91, 200, XNAS, 45.01, 100, XNAS, 45, 39, XNAS, 28831, 1.30379e+06, 45.2219, 500, 3, 100, 1, 1, 0, 0, 1, 0, 0
1635343254796, 44.91, 200, XNAS, 45.01, 100, XNAS, 45, 6, XNAS, 28837, 1.30406e+06, 45.2218, 500, 3, 100, 1, 1, 0, 0, 1, 0, 0
1635343254796, 44.91, 200, XNAS, 45.01, 100, XNAS, 45, 52, XNAS, 28889, 1.3064e+06, 45.2214, 500, 3, 100, 1, 1, 0, 0, 1, 0, 0
1635343254796, 44.91, 200, IEXG, 45.04, 100, IEXG, 45.01, 100, XNAS, 28989, 1.3109e+06, 45.2207, 500, 3, 100, 1, 0, 1, 0, 1, 0, 0
1635343267398, 44.96, 300, XNAS, 45.06, 100, IEXG, 45.06, 1, XNAS, 28990, 1.31095e+06, 45.2207, 300, 1, 100, 1, 1, 0, 0, 1, 0, 0
1635343267398, 45.01, 300, XNAS, 45.06, 100, IEXG, 45.06, 100, IEXG, 29090, 1.31545e+06, 45.2201, 300, 1, 100, 1, 0, 0, 0, 1, 0, 0
1635343369099, 45.03, 100, XNAS, 45.13, 100, XPSX, 45.07, 50, IEXG, 29140, 1.31771e+06, 45.2199, 200, 2, 100, 1, 1, 0, 0, 0, 1, 0
1635343418629, 45.02, 100, XPSX, 45.13, 100, XNAS, 45.075, 104, XNAS, 29244, 1.32239e+06, 45.2194, 100, 1, 100, 1, 0, 1, 1, 0, 0, 0
1635343442069, 45.01, 100, ARCX, 45.13, 100, XNAS, 45.0547, 100, XADF, 29244, 1.32239e+06, 45.2194, 200, 2, 200, 2, 0, 1, 0, 0, 1, 0
1635343553455, 45.01, 100, ARCX, 45.1, 300, XNAS, 45.055, 100, IEXG, 29344, 1.3269e+06, 45.2188, 100, 1, 400, 2, 0, 1, 1, 0, 0, 0
1635343618033, 45.08, 100, XNAS, 45.13, 100, XNAS, 45.12, 1, EDGA, 29345, 1.32695e+06, 45.2188, 100, 1, 100, 1, 1, 0, 0, 1, 0, 0
1635343618035, 45.08, 100, XNAS, 45.13, 100, XNAS, 45.12, 100, IEXG, 29445, 1.33146e+06, 45.2185, 100, 1, 100, 1, 0, 1, 0, 1, 0, 0
1635343618208, 45.08, 100, XNAS, 45.13, 100, XNAS, 45.12, 20, XADF, 29465, 1.33236e+06, 45.2184, 100, 1, 100, 1, 1, 1, 0, 1, 0, 0
1635343674683, 45.08, 100, XNAS, 45.13, 100, XNAS, 45.08, 1, BATS, 29466, 1.33241e+06, 45.2184, 100, 1, 100, 1, 1, 0, 0, 0, 1, 0
1635343674683, 45.08, 100, XNAS, 45.13, 100, XNAS, 45.08, 10, BATS, 29476, 1.33286e+06, 45.2183, 100, 1, 100, 1, 1, 0, 0, 0, 1, 0
1635343674685, 45.01, 100, ARCX, 45.13, 100, BATS, 45.08, 100, XNAS, 29576, 1.33736e+06, 45.2179, 100, 1, 300, 3, 0, 1, 0, 1, 0, 0
1635343674685, 45.01, 100, ARCX, 45.13, 100, BATS, 45.08, 70, XNAS, 29646, 1.34052e+06, 45.2175, 100, 1, 300, 3, 1, 0, 0, 1, 0, 0
1635343674685, 45.01, 100, ARCX, 45.12, 100, XNAS, 45.08, 40, BATS, 29686, 1.34232e+06, 45.2174, 100, 1, 100, 1, 1, 0, 0, 1, 0, 0
1635343674704, 45.03, 500, XNAS, 45.12, 200, XNAS, 45.08, 3, XNAS, 29689, 1.34246e+06, 45.2173, 500, 1, 200, 1, 1, 0, 0, 1, 0, 0
1635343674704, 45.03, 500, XNAS, 45.12, 200, XNAS, 45.08, 9, XNAS, 29698, 1.34286e+06, 45.2173, 500, 1, 200, 1, 1, 0, 0, 1, 0, 0
1635343674762, 45.03, 500, XNAS, 45.12, 200, XNAS, 45.08, 55, XNAS, 29753, 1.34534e+06, 45.2171, 500, 1, 200, 1, 1, 0, 0, 1, 0, 0
1635343674815, 45.03, 500, XNAS, 45.12, 100, XNAS, 45.08, 88, XNAS, 29841, 1.34931e+06, 45.2166, 600, 2, 200, 2, 1, 0, 0, 1, 0, 0
1635343674822, 45.03, 500, XNAS, 45.11, 100, XNAS, 45.08, 57, BATS, 29898, 1.35188e+06, 45.2164, 500, 1, 100, 1, 1, 0, 0, 1, 0, 0
1635343720927, 45.07, 800, XNAS, 45.16, 200, XNAS, 45.115, 102, XADF, 30000, 1.35648e+06, 45.216, 1100, 2, 200, 1, 0, 1, 1, 0, 0, 0
1635343770850, 45.07, 800, XNAS, 45.16, 200, XNAS, 45.07, 8, XADF, 30008, 1.35684e+06, 45.216, 1100, 2, 200, 1, 1, 1, 0, 0, 1, 0
1635343877981, 45.07, 1000, XNAS, 45.18, 100, EDGX, 45.18, 35, XADF, 30043, 1.35842e+06, 45.216, 1300, 2, 100, 1, 1, 1, 0, 1, 0, 0
1635343888193, 45.07, 1000, XNAS, 45.16, 100, BATS, 45.16, 147, XADF, 30190, 1.36506e+06, 45.2157, 1300, 2, 100, 1, 0, 1, 0, 1, 0, 0
1635343888276, 45.07, 1000, XNAS, 45.18, 100, EDGX, 45.16, 100, BATS, 30290, 1.36958e+06, 45.2155, 1300, 2, 100, 1, 0, 1, 0, 1, 0, 0
1635343888279, 45.11, 300, IEXG, 45.2, 200, XNAS, 45.18, 63, EDGX, 30353, 1.37242e+06, 45.2154, 400, 2, 300, 2, 1, 0, 0, 1, 0, 0
1635343888279, 45.11, 300, IEXG, 45.2, 200, XNAS, 45.18, 84, EDGX, 30437, 1.37622e+06, 45.2153, 400, 2, 300, 2, 1, 0, 0, 1, 0, 0
1635343888279, 45.11, 300, IEXG, 45.2, 200, XNAS, 45.18, 74, ARCX, 30511, 1.37956e+06, 45.2153, 400, 2, 300, 2, 1, 0, 0, 1, 0, 0
1635343888281, 45.14, 300, IEXG, 45.2, 200, XNAS, 45.18, 84, EDGX, 30595, 1.38336e+06, 45.2152, 300, 1, 300, 2, 1, 0, 0, 1, 0, 0
1635343888938, 45.05, 200, XNAS, 45.16, 200, XNAS, 45.15, 100, XNAS, 30695, 1.38787e+06, 45.2149, 400, 2, 200, 1, 0, 1, 0, 1, 0, 0
1635343888938, 45.05, 200, XNAS, 45.16, 100, XNAS, 45.16, 100, XNAS, 30795, 1.39239e+06, 45.2148, 400, 2, 100, 1, 0, 0, 0, 1, 0, 0
1635343888938, 45.05, 200, IEXG, 45.17, 200, XNAS, 45.16, 100, XNAS, 30895, 1.3969e+06, 45.2146, 400, 2, 200, 1, 0, 1, 0, 1, 0, 0
1635343888938, 45.08, 300, XPSX, 45.17, 100, XNAS, 45.16, 100, XNAS, 30995, 1.40142e+06, 45.2144, 400, 2, 100, 1, 0, 1, 0, 1, 0, 0
1635343888938, 45.08, 300, XPSX, 45.17, 100, XNAS, 45.17, 100, XNAS, 31095, 1.40594e+06, 45.2143, 400, 2, 100, 1, 0, 0, 0, 1, 0, 0
1635343888938, 45.08, 300, XPSX, 45.18, 100, XNAS, 45.16, 20, XBOS, 31115, 1.40684e+06, 45.2142, 400, 2, 100, 1, 1, 0, 0, 1, 0, 0
1635343888939, 45.08, 300, XPSX, 45.19, 100, XNAS, 45.15, 10, IEXG, 31125, 1.40729e+06, 45.2142, 400, 2, 100, 1, 1, 0, 0, 1, 0, 0
1635343888939, 45.1, 300, IEXG, 45.19, 100, XNAS, 45.15, 10, IEXG, 31135, 1.40774e+06, 45.2142, 300, 1, 100, 1, 1, 0, 0, 1, 0, 0
1635344005703, 45.11, 800, XNAS, 45.22, 200, XCHI, 45.2, 46, XNAS, 31181, 1.40982e+06, 45.2142, 800, 1, 400, 3, 1, 0, 0, 1, 0, 0
1635344005703, 45.12, 100, XNAS, 45.22, 200, XCHI, 45.22, 31, XNAS, 31212, 1.41122e+06, 45.2142, 100, 1, 300, 2, 1, 0, 0, 1, 0, 0
1635344005703, 45.15, 100, XNAS, 45.22, 200, XCHI, 45.2, 1, EDGX, 31213, 1.41127e+06, 45.2142, 100, 1, 300, 2, 1, 0, 0, 1, 0, 0
1635344005703, 45.15, 100, XNAS, 45.22, 100, XCHI, 45.22, 6, XCHI, 31219, 1.41154e+06, 45.2142, 100, 1, 200, 2, 1, 0, 0, 1, 0, 0
1635344005704, 45.15, 100, XNAS, 45.22, 100, IEXG, 45.22, 100, IEXG, 31319, 1.41606e+06, 45.2142, 100, 1, 100, 1, 0, 0, 0, 1, 0, 0
1635344005709, 45.16, 1000, XNAS, 45.27, 200, BATS, 45.23, 1, EDGX, 31320, 1.41611e+06, 45.2142, 1000, 1, 200, 1, 1, 0, 0, 1, 0, 0
1635344030147, 45.2, 700, XNAS, 45.28, 100, BATS, 45.2532, 5, XADF, 31325, 1.41633e+06, 45.2142, 700, 1, 100, 1, 1, 1, 0, 1, 0, 0
1635344066126, 45.2, 700, XNAS, 45.28, 100, BATS, 45.28, 162, XADF, 31487, 1.42367e+06, 45.2145, 700, 1, 100, 1, 0, 1, 0, 1, 0, 0
1635344150417, 45.2, 400, XNAS, 45.28, 100, BATS, 45.26, 100, XADF, 31587, 1.4282e+06, 45.2147, 600, 3, 200, 2, 0, 1, 0, 1, 0, 0
1635344150417, 45.2, 400, XNAS, 45.28, 100, BATS, 45.26, 29, XADF, 31616, 1.42951e+06, 45.2147, 600, 3, 200, 2, 1, 1, 0, 1, 0, 0
1635344151037, 45.2, 400, XNAS, 45.28, 100, BATS, 45.24, 1, XNAS, 31617, 1.42955e+06, 45.2147, 500, 2, 300, 3, 1, 0, 1, 0, 0, 0
1635344180554, 45.23, 200, XNAS, 45.28, 100, BATS, 45.255, 25, IEXG, 31642, 1.43069e+06, 45.2148, 200, 1, 100, 1, 1, 0, 1, 0, 0, 0
1635344180599, 45.23, 200, XNAS, 45.28, 100, BATS, 45.24, 100, IEXG, 31742, 1.43521e+06, 45.2148, 200, 1, 100, 1, 0, 1, 0, 0, 1, 0
1635344180600, 45.22, 200, XNAS, 45.28, 100, BATS, 45.23, 200, XNAS, 31942, 1.44426e+06, 45.2149, 200, 1, 100, 1, 0, 1, 0, 0, 1, 0
1635344180600, 45.22, 100, XNAS, 45.28, 100, BATS, 45.23, 36, BATS, 31978, 1.44588e+06, 45.2149, 100, 1, 100, 1, 1, 0, 0, 0, 1, 0
1635344180600, 45.22, 100, XNAS, 45.28, 100, BATS, 45.26, 21, XNAS, 31999, 1.44683e+06, 45.215, 100, 1, 100, 1, 1, 0, 0, 1, 0, 0
1635344180600, 45.22, 200, XNAS, 45.28, 100, BATS, 45.23, 14, XNAS, 32013, 1.44747e+06, 45.215, 200, 1, 100, 1, 1, 0, 0, 0, 1, 0
1635344180601, 45.22, 200, XNAS, 45.28, 100, BATS, 45.26, 22, BATS, 32035, 1.44846e+06, 45.215, 200, 1, 100, 1, 1, 0, 0, 1, 0, 0
1635344180601, 45.22, 200, XNAS, 45.28, 100, BATS, 45.25, 1, XNAS, 32036, 1.44851e+06, 45.215, 200, 1, 100, 1, 1, 0, 1, 0, 0, 0
1635344180601, 45.22, 200, XNAS, 45.28, 100, BATS, 45.26, 22, MEMX, 32058, 1.4495e+06, 45.215, 200, 1, 100, 1, 1, 0, 0, 1, 0, 0
1635344180601, 45.22, 200, XNAS, 45.28, 100, BATS, 45.26, 22, EDGX, 32080, 1.4505e+06, 45.2151, 200, 1, 100, 1, 1, 0, 0, 1, 0, 0
1635344180601, 45.22, 200, XNAS, 45.28, 100, BATS, 45.24, 1, EDGX, 32081, 1.45054e+06, 45.2151, 200, 1, 100, 1, 1, 0, 0, 0, 1, 0
1635344182048, 45.24, 100, XNAS, 45.31, 100, BATS, 45.28, 15, BATS, 32121, 1.45236e+06, 45.2151, 100, 1, 100, 1, 1, 0, 0, 1, 0, 0
1635344182048, 45.24, 100, XNAS, 45.31, 100, BATS, 45.28, 15, BATS, 32136, 1.45303e+06, 45.2152, 100, 1, 100, 1, 1, 0, 0, 1, 0, 0
1635344182048, 45.24, 100, XNAS, 45.31, 100, BATS, 45.28, 70, BATS, 32206, 1.4562e+06, 45.2153, 100, 1, 100, 1, 1, 0, 0, 1, 0, 0
1635344182373, 45.24, 200, IEXG, 45.31, 100, BATS, 45.275, 101, XADF, 32307, 1.46078e+06, 45.2155, 400, 3, 100, 1, 0, 1, 1, 0, 0, 0
1635344241124, 45.26, 600, XNAS, 45.31, 100, BATS, 45.29, 1, XNAS, 32308, 1.46082e+06, 45.2155, 700, 2, 100, 1, 1, 0, 0, 1, 0, 0
1635344243130, 45.26, 600, XNAS, 45.31, 100, BATS, 45.3, 23, XADF, 32331, 1.46186e+06, 45.2156, 600, 1, 100, 1, 1, 1, 0, 1, 0, 0
1635344243151, 45.26, 600, XNAS, 45.34, 100, XNAS, 45.31, 100, BATS, 32431, 1.4664e+06, 45.2159, 700, 2, 100, 1, 0, 1, 0, 1, 0, 0
1635344250120, 45.26, 500, XNAS, 45.35, 200, XNAS, 45.345, 1, XADF, 32432, 1.46644e+06, 45.2159, 700, 3, 200, 1, 1, 1, 0, 1, 0, 0
1635344259940, 45.26, 500, XNAS, 45.34, 200, XNAS, 45.28, 25, XNAS, 32457, 1.46757e+06, 45.2159, 700, 3, 300, 2, 1, 0, 0, 0, 1, 0
1635344259940, 45.26, 300, XNAS, 45.33, 100, XNAS, 45.28, 18, BATS, 32475, 1.46839e+06, 45.2159, 500, 3, 100, 1, 1, 0, 0, 0, 1, 0
1635344259940, 45.26, 300, XNAS, 45.33, 100, XNAS, 45.28, 11, BATS, 32486, 1.46889e+06, 45.216, 500, 3, 100, 1, 1, 0, 0, 0, 1, 0
1635344259940, 45.26, 300, XNAS, 45.33, 100, XNAS, 45.28, 57, BATS, 32543, 1.47147e+06, 45.2161, 500, 3, 100, 1, 1, 0, 0, 0, 1, 0
1635344259941, 45.26, 300, XNAS, 45.3, 100, XNAS, 45.26, 100, XNAS, 32643, 1.47599e+06, 45.2162, 400, 2, 300, 3, 0, 0, 0, 0, 1, 0
1635344259941, 45.26, 200, XNAS, 45.3, 100, XNAS, 45.26, 200, XNAS, 32843, 1.48504e+06, 45.2165, 300, 2, 300, 3, 0, 0, 0, 0, 1, 0
1635344259941, 45.26, 100, XCHI, 45.3, 100, EDGX, 45.26, 2, XNAS, 32845, 1.48514e+06, 45.2165, 100, 1, 300, 3, 1, 0, 0, 0, 1, 0
1635344259941, 45.26, 100, XCHI, 45.3, 100, EDGX, 45.26, 52, XNAS, 32897, 1.48749e+06, 45.2166, 100, 1, 300, 3, 1, 0, 0, 0, 1, 0
1635344259941, 45.26, 100, XCHI, 45.3, 100, EDGX, 45.26, 49, BATS, 32946, 1.48971e+06, 45.2166, 100, 1, 300, 3, 1, 0, 0, 0, 1, 0
1635344259941, 45.26, 100, XCHI, 45.28, 100, XNAS, 45.26, 44, XNAS, 32990, 1.4917e+06, 45.2167, 100, 1, 100, 1, 1, 0, 0, 0, 1, 0
1635344259941, 45.26, 100, XCHI, 45.3, 200, XNAS, 45.26, 1, ARCX, 32991, 1.49174e+06, 45.2167, 100, 1, 400, 3, 1, 0, 0, 0, 1, 0
1635344259941, 45.23, 100, BATS, 45.3, 200, XNAS, 45.25, 1, BATS, 32992, 1.49179e+06, 45.2167, 200, 2, 400, 3, 1, 0, 0, 0, 1, 0
1635344259941, 45.23, 100, ARCX, 45.3, 200, XNAS, 45.23, 100, BATS, 33092, 1.49631e+06, 45.2167, 100, 1, 400, 3, 0, 1, 0, 0, 1, 0
1635344259941, 45.23, 100, ARCX, 45.29, 200, XNAS, 45.23, 100, ARCX, 33192, 1.50083e+06, 45.2168, 100, 1, 200, 1, 0, 0, 0, 0, 1, 0
1635344259942, 45.2, 100, EDGX, 45.29, 100, XNAS, 45.26, 10, BATS, 33202, 1.50129e+06, 45.2168, 100, 1, 100, 1, 1, 0, 0, 1, 0, 0
1635344259944, 45.2, 100, EDGX, 45.28, 100, IEXG, 45.26, 100, ARCX, 33302, 1.50581e+06, 45.2169, 100, 1, 100, 1, 0, 1, 0, 1, 0, 0
1635344259944, 45.2, 100, EDGX, 45.28, 100, IEXG, 45.26, 2, ARCX, 33304, 1.5059e+06, 45.2169, 100, 1, 100, 1, 1, 0, 0, 1, 0, 0
1635344259944, 45.2, 100, EDGX, 45.28, 100, IEXG, 45.26, 2, ARCX, 33306, 1.50599e+06, 45.2169, 200, 2, 100, 1, 1, 0, 0, 1, 0, 0
1635344259944, 45.2, 100, EDGX, 45.28, 100, IEXG, 45.26, 2, ARCX, 33308, 1.50608e+06, 45.2169, 100, 1, 100, 1, 1, 0, 0, 1, 0, 0
1635344303361, 45.2, 100, EDGX, 45.26, 300, IEXG, 45.23, 100, IEXG, 33408, 1.51061e+06, 45.2169, 200, 2, 500, 2, 0, 1, 1, 0, 0, 0
1635344305881, 45.14, 100, XNYS, 45.26, 300, IEXG, 45.2, 10, EDGX, 33418, 1.51106e+06, 45.2169, 100, 1, 500, 2, 1, 0, 1, 0, 0, 0
1635344305881, 45.14, 100, XNYS, 45.26, 300, IEXG, 45.2, 90, EDGX, 33508, 1.51513e+06, 45.2169, 100, 1, 500, 2, 1, 0, 1, 0, 0, 0
1635344305882, 45.14, 100, XNYS, 45.25, 400, XNAS, 45.2, 100, XNAS, 33608, 1.51965e+06, 45.2168, 100, 1, 500, 2, 0, 1, 0, 1, 0, 0
1635344305882, 45.14, 100, XNYS, 45.25, 400, XNAS, 45.2, 100, XNAS, 33708, 1.52417e+06, 45.2168, 100, 1, 500, 2, 0, 1, 0, 1, 0, 0
1635344305882, 45.14, 100, XNYS, 45.23, 200, XNAS, 45.19, 10, XNYS, 33718, 1.52462e+06, 45.2168, 100, 1, 200, 1, 1, 0, 0, 1, 0, 0
1635344305882, 45.14, 100, XNYS, 45.23, 200, XNAS, 45.19, 90, XNYS, 33808, 1.52869e+06, 45.2167, 100, 1, 200, 1, 1, 0, 0, 1, 0, 0
1635344306005, 45.14, 300, XNAS, 45.23, 300, IEXG, 45.1401, 20, XADF, 33828, 1.52959e+06, 45.2167, 700, 4, 400, 2, 1, 1, 0, 0, 1, 0
1635344317736, 45.14, 300, XNAS, 45.23, 300, IEXG, 45.18, 50, XNAS, 33878, 1.53185e+06, 45.2166, 400, 2, 500, 3, 1, 0, 0, 0, 1, 0
1635344318087, 45.14, 200, IEXG, 45.23, 100, IEXG, 45.23, 3, XADF, 33881, 1.53198e+06, 45.2166, 400, 3, 200, 2, 1, 1, 0, 1, 0, 0
1635344351110, 45.07, 200, IEXG, 45.19, 300, IEXG, 45.14, 1, BATS, 33882, 1.53203e+06, 45.2166, 500, 3, 300, 1, 1, 0, 0, 1, 0, 0
1635344356829, 45.07, 200, IEXG, 45.19, 300, IEXG, 45.221, 100, XADF, 33882, 1.53203e+06, 45.2166, 600, 3, 500, 3, 0, 1, 0, 1, 0, 1
1635344372060, 45.06, 200, XNAS, 45.18, 300, XNAS, 45.18, 2, XADF, 33884, 1.53212e+06, 45.2166, 200, 1, 800, 4, 1, 1, 0, 1, 0, 0
1635344378033, 45.08, 100, XNAS, 45.16, 200, XNAS, 45.12, 101, XADF, 33985, 1.53668e+06, 45.2163, 100, 1, 400, 2, 0, 1, 1, 0, 0, 0
1635344383033, 45.06, 200, IEXG, 45.12, 100, XNAS, 45.09, 1, XNAS, 33986, 1.53672e+06, 45.2163, 400, 3, 100, 1, 1, 0, 1, 0, 0, 0
1635344383064, 45.08, 100, XNAS, 45.15, 200, BATS, 45.12, 100, XNAS, 34086, 1.54123e+06, 45.216, 100, 1, 200, 1, 0, 1, 0, 1, 0, 0
1635344383064, 45.08, 100, XNAS, 45.15, 200, BATS, 45.12, 3, XNAS, 34089, 1.54137e+06, 45.216, 100, 1, 200, 1, 1, 0, 0, 1, 0, 0
1635344383065, 45.1, 100, XNAS, 45.15, 100, BATS, 45.14, 100, BATS, 34189, 1.54588e+06, 45.2158, 100, 1, 100, 1, 0, 1, 0, 1, 0, 0
1635344383065, 45.1, 100, XNAS, 45.15, 100, BATS, 45.15, 100, BATS, 34289, 1.5504e+06, 45.2156, 100, 1, 100, 1, 0, 0, 0, 1, 0, 0
1635344406982, 45.08, 200, XCHI, 45.16, 100, BATS, 45.15, 1, XNAS, 34290, 1.55044e+06, 45.2156, 400, 3, 100, 1, 1, 0, 0, 1, 0, 0
1635344406982, 45.13, 100, XNAS, 45.16, 100, BATS, 45.15, 100, BATS, 34390, 1.55496e+06, 45.2154, 100, 1, 100, 1, 0, 1, 0, 1, 0, 0
1635344406982, 45.13, 100, XNAS, 45.16, 100, BATS, 45.15, 11, BATS, 34401, 1.55546e+06, 45.2154, 100, 1, 100, 1, 1, 0, 0, 1, 0, 0
1635344407310, 45.13, 100, XNAS, 45.16, 100, BATS, 45.13, 100, XADF, 34501, 1.55997e+06, 45.2152, 100, 1, 100, 1, 0, 1, 0, 0, 1, 0
1635344407310, 45.13, 100, XNAS, 45.16, 100, BATS, 45.13, 100, XNAS, 34601, 1.56448e+06, 45.2149, 100, 1, 100, 1, 0, 0, 0, 0, 1, 0
1635344407310, 45.09, 100, XNYS, 45.15, 100, XNAS, 45.13, 32, XNAS, 34633, 1.56593e+06, 45.2148, 100, 1, 100, 1, 1, 0, 0, 1, 0, 0
1635344407310, 45.09, 100, XNYS, 45.14, 100, XNAS, 45.12, 1, XNAS, 34634, 1.56597e+06, 45.2148, 100, 1, 100, 1, 1, 0, 0, 1, 0, 0
1635344415422, 45.09, 100, XNYS, 45.16, 100, ARCX, 45.125, 30, IEXG, 34664, 1.56732e+06, 45.2147, 200, 2, 300, 3, 1, 0, 1, 0, 0, 0
1635344424552, 45.07, 100, XNAS, 45.15, 100, XNAS, 45.15, 4, XADF, 34668, 1.5675e+06, 45.2147, 200, 2, 100, 1, 1, 1, 0, 1, 0, 0
1635344434028, 45.07, 100, IEXG, 45.15, 100, XNAS, 45.11, 1, XNAS, 34669, 1.56755e+06, 45.2147, 100, 1, 100, 1, 1, 0, 1, 0, 0, 0
1635344452270, 45.08, 100, IEXG, 45.16, 100, XNAS, 45.14, 76, XNAS, 34745, 1.57098e+06, 45.2146, 300, 3, 100, 1, 1, 0, 0, 1, 0, 0
1635344452270, 45.08, 100, IEXG, 45.16, 100, XNAS, 45.15, 24, XNAS, 34769, 1.57206e+06, 45.2145, 300, 3, 100, 1, 1, 0, 0, 1, 0, 0
1635344458140, 45.09, 100, EDGA, 45.17, 100, EDGA, 45.13, 113, XADF, 34882, 1.57716e+06, 45.2143, 300, 3, 300, 3, 0, 1, 1, 0, 0, 0
1635344463846, 45.09, 200, XNAS, 45.17, 100, BATS, 45.12, 1, BATY, 34883, 1.57721e+06, 45.2143, 200, 1, 200, 2, 1, 0, 0, 0, 1, 0
1635344502951, 45.06, 300, XNAS, 45.15, 200, XNAS, 45.15, 35, XADF, 34918, 1.57879e+06, 45.2142, 800, 4, 300, 2, 1, 1, 0, 1, 0, 0
1635344530040, 45.07, 200, XCHI, 45.17, 100, BATS, 45.12, 1, XNAS, 34919, 1.57883e+06, 45.2142, 600, 3, 200, 2, 1, 0, 1, 0, 0, 0
1635344538255, 45.08, 200, XCHI, 45.17, 100, BATS, 45.16, 34, BATS, 34953, 1.58037e+06, 45.2141, 600, 3, 100, 1, 1, 0, 0, 1, 0, 0
1635344538256, 45.08, 200, XCHI, 45.17, 100, BATS, 45.16, 10, BATS, 34963, 1.58082e+06, 45.2141, 600, 3, 100, 1, 1, 0, 0, 1, 0, 0
1635344555025, 45.08, 100, XNAS, 45.15, 200, XNAS, 45.16, 1, XADF, 34964, 1.58087e+06, 45.2141, 100, 1, 200, 1, 1, 1, 0, 1, 0, 1
1635344571979, 45.04, 300, XNAS, 45.14, 100, XNAS, 45.13, 100, XADF, 35064, 1.58538e+06, 45.2139, 800, 4, 200, 2, 0, 1, 0, 1, 0, 0
1635344585846, 45.04, 200, XCHI, 45.14, 400, XNAS, 45.09, 2, EDGX, 35066, 1.58547e+06, 45.2139, 200, 1, 500, 2, 1, 0, 1, 0, 0, 0
1635344623951, 45.04, 200, XCHI, 45.13, 300, XNAS, 45.085, 101, XADF, 35167, 1.59002e+06, 45.2135, 200, 1, 500, 2, 0, 1, 1, 0, 0, 0
1635344627299, 45.04, 200, XCHI, 45.13, 200, XCHI, 45.06, 1, XNAS, 35168, 1.59007e+06, 45.2135, 200, 1, 500, 3, 1, 0, 0, 0, 1, 0
1635344627299, 45.04, 100, XCHI, 45.08, 200, XNAS, 45.04, 75, XCHI, 35243, 1.59345e+06, 45.2131, 100, 1, 200, 1, 1, 0, 0, 0, 1, 0
1635344628030, 45.01, 300, XNAS, 45.08, 200, XNAS, 45.05, 1, XNAS, 35244, 1.59349e+06, 45.2131, 400, 2, 200, 1, 1, 0, 0, 1, 0, 0
1635344628030, 45.03, 100, XNAS, 45.08, 200, XNAS, 45.04, 12, BATS, 35256, 1.59403e+06, 45.2131, 100, 1, 200, 1, 1, 0, 0, 0, 1, 0
1635344629801, 45.03, 100, XNAS, 45.08, 100, BATS, 45.07, 100, XNAS, 35356, 1.59854e+06, 45.2127, 100, 1, 300, 3, 0, 1, 0, 1, 0, 0
1635344629801, 45.03, 100, XNAS, 45.08, 100, BATS, 45.08, 100, XNAS, 35456, 1.60305e+06, 45.2123, 100, 1, 200, 2, 0, 1, 0, 1, 0, 0
1635344629801, 45.03, 100, XNAS, 45.08, 100, BATS, 45.08, 100, BATS, 35556, 1.60755e+06, 45.2119, 100, 1, 200, 2, 0, 0, 0, 1, 0, 0
1635344629802, 45.04, 100, XNAS, 45.11, 100, XNAS, 45.08, 100, EDGA, 35656, 1.61206e+06, 45.2115, 100, 1, 100, 1, 0, 1, 0, 1, 0, 0
1635344630306, 45.05, 100, IEXG, 45.12, 300, XNAS, 45.12, 100, XADF, 35756, 1.61657e+06, 45.2113, 200, 2, 400, 2, 0, 1, 0, 1, 0, 0
1635344630308, 45.05, 100, IEXG, 45.12, 300, XNAS, 45.085, 13, XADF, 35769, 1.61716e+06, 45.2112, 100, 1, 300, 1, 1, 1, 1, 0, 0, 0
1635344636951, 45.05, 100, IEXG, 45.12, 100, XNAS, 45.085, 100, XADF, 35869, 1.62167e+06, 45.2109, 100, 1, 100, 1, 0, 1, 1, 0, 0, 0
1635344652950, 45.01, 200, IEXG, 45.12, 100, XNAS, 45.03, 50, XADF, 35919, 1.62392e+06, 45.2106, 700, 4, 200, 2, 1, 1, 0, 0, 1, 0
1635344677086, 45.01, 100, ARCX, 45.1, 200, XNAS, 45.11, 1, XADF, 35920, 1.62397e+06, 45.2106, 100, 1, 200, 1, 1, 1, 0, 1, 0, 1
1635344679738, 45.01, 100, IEXG, 45.1, 200, XNAS, 45.1107, 19, XADF, 35939, 1.62482e+06, 45.2106, 200, 2, 200, 1, 1, 1, 0, 1, 0, 1
1635344697183, 45.01, 100, IEXG, 45.09, 100, XNAS, 45.08, 80, EDGA, 36019, 1.62843e+06, 45.2103, 300, 3, 200, 2, 1, 0, 0, 1, 0, 0
1635344702276, 45.01, 100, IEXG, 45.09, 100, EDGA, 45.0896, 7, XADF, 36026, 1.62875e+06, 45.2103, 300, 3, 200, 2, 1, 1, 0, 1, 0, 0
1635344720356, 45.01, 200, XCHI, 45.12, 100, XNAS, 45.0101, 16, XADF, 36042, 1.62947e+06, 45.2102, 500, 4, 100, 1, 1, 1, 0, 0, 1, 0
1635344730553, 45.01, 300, IEXG, 45.12, 200, XCHI, 45.07, 1, XNAS, 36043, 1.62951e+06, 45.2102, 800, 4, 500, 3, 1, 0, 0, 1, 0, 0
1635344738062, 45.01, 200, XCHI, 45.11, 200, XNAS, 45.105, 1, XADF, 36044, 1.62956e+06, 45.2102, 400, 3, 200, 1, 1, 1, 0, 1, 0, 0
1635344747179, 45.02, 200, XCHI, 45.12, 100, EDGA, 45.0948, 1, XADF, 36045, 1.6296e+06, 45.2102, 200, 1, 100, 1, 1, 1, 0, 1, 0, 0
1635344777222, 45.02, 200, XCHI, 45.12, 100, BATS, 45.07, 1, XNAS, 36046, 1.62965e+06, 45.2102, 600, 3, 100, 1, 1, 0, 1, 0, 0, 0
1635344781604, 45.02, 200, XCHI, 45.11, 100, BATS, 45.06, 1, XNAS, 36047, 1.62969e+06, 45.2102, 200, 1, 200, 2, 1, 0, 0, 0, 1, 0
1635344787446, 45.01, 200, XNAS, 45.11, 200, BATS, 45.0306, 1, XADF, 36048, 1.62974e+06, 45.2102, 400, 3, 300, 2, 1, 1, 0, 0, 1, 0
1635344814433, 45.01, 100, ARCX, 45.09, 200, XNAS, 45.0851, 1, XADF, 36049, 1.62978e+06, 45.2102, 100, 1, 200, 1, 1, 1, 0, 1, 0, 0
1635344816551, 45.01, 100, ARCX, 45.09, 300, XNAS, 45.01, 33, BATS, 36082, 1.63127e+06, 45.21, 100, 1, 300, 1, 1, 0, 0, 0, 1, 0
1635344816551, 45.01, 100, ARCX, 45.09, 300, XNAS, 45.01, 1, BATS, 36083, 1.63131e+06, 45.21, 100, 1, 300, 1, 1, 0, 0, 0, 1, 0
1635344816552, 44.97, 100, XNAS, 45.07, 100, XNAS, 45.01, 14, ARCX, 36097, 1.63194e+06, 45.2099, 100, 1, 100, 1, 1, 0, 0, 0, 1, 0
1635344816552, 44.97, 100, XNAS, 45.07, 100, XNAS, 45.01, 86, ARCX, 36183, 1.63581e+06, 45.2094, 100, 1, 100, 1, 1, 0, 0, 0, 1, 0
1635344816552, 44.97, 100, EDGA, 45.05, 100, IEXG, 45.01, 8, XADF, 36191, 1.63617e+06, 45.2094, 100, 1, 100, 1, 1, 1, 1, 0, 0, 0
1635344818035, 44.96, 200, IEXG, 45.05, 100, IEXG, 45.01, 1, XNAS, 36192, 1.63622e+06, 45.2094, 500, 3, 200, 2, 1, 0, 0, 1, 0, 0
1635344880170, 44.96, 100, XNAS, 45.03, 100, XNAS, 44.961, 100, XADF, 36292, 1.64071e+06, 45.2087, 100, 1, 100, 1, 0, 1, 0, 0, 1, 0
1635344880319, 44.96, 100, XNAS, 45.03, 100, XNAS, 44.995, 100, XADF, 36392, 1.64521e+06, 45.2081, 100, 1, 100, 1, 0, 1, 1, 0, 0, 0
1635344880320, 44.94, 100, XNYS, 45.03, 100, XNAS, 44.96, 100, XNAS, 36492, 1.64971e+06, 45.2074, 100, 1, 100, 1, 0, 1, 0, 0, 1, 0
1635344890701, 44.94, 200, XCHI, 45.04, 400, XNAS, 44.94, 1, XADF, 36493, 1.64975e+06, 45.2074, 300, 2, 400, 1, 1, 1, 0, 0, 1, 0
1635344890850, 44.94, 200, XCHI, 45.04, 400, XNAS, 44.99, 1, ARCX, 36494, 1.6498e+06, 45.2074, 300, 2, 400, 1, 1, 0, 1, 0, 0, 0
1635344891459, 44.94, 200, XCHI, 45.03, 100, XNAS, 44.96, 10, BATS, 36504, 1.65025e+06, 45.2073, 300, 2, 100, 1, 1, 0, 0, 0, 1, 0
1635344891993, 44.92, 200, XCHI, 45.02, 200, XNAS, 44.94, 19, XNAS, 36523, 1.6511e+06, 45.2072, 600, 4, 200, 1, 1, 0, 0, 0, 1, 0
1635344894132, 44.92, 100, EDGA, 45.02, 200, BATS, 44.92, 9, XNAS, 36532, 1.65151e+06, 45.2071, 100, 1, 400, 2, 1, 0, 0, 0, 1, 0
1635344894132, 44.92, 100, EDGA, 45.02, 200, BATS, 44.92, 79, XNAS, 36611, 1.65506e+06, 45.2065, 100, 1, 400, 2, 1, 0, 0, 0, 1, 0
1635344912590, 44.89, 100, XNAS, 44.99, 300, XNAS, 44.9, 10, XNAS, 36622, 1.65555e+06, 45.2064, 100, 1, 600, 2, 1, 0, 0, 0, 1, 0
1635344923837, 44.85, 500, IEXG, 44.95, 200, XCHI, 44.9316, 11, XADF, 36633, 1.65604e+06, 45.2063, 700, 2, 400, 2, 1, 1, 0, 1, 0, 0
1635344942100, 44.81, 400, IEXG, 44.94, 200, XNAS, 44.9888, 2, XADF, 36635, 1.65613e+06, 45.2063, 700, 3, 200, 1, 1, 1, 0, 1, 0, 1
1635344951846, 44.81, 100, BATY, 44.92, 100, IEXG, 44.86, 1, XNAS, 36636, 1.65618e+06, 45.2063, 200, 2, 200, 2, 1, 0, 0, 0, 1, 0
1635344958366, 44.81, 100, BATY, 44.91, 200, XCHI, 44.81, 1, XADF, 36637, 1.65622e+06, 45.2063, 200, 2, 600, 3, 1, 1, 0, 0, 1, 0
1635344958574, 44.81, 100, BATY, 44.9, 300, BATS, 44.81, 100, XNAS, 36737, 1.6607e+06, 45.2052, 100, 1, 400, 2, 0, 1, 0, 0, 1, 0
1635344958574, 44.8, 100, ARCX, 44.85, 200, XNAS, 44.81, 129, BATY, 36866, 1.66648e+06, 45.2038, 100, 1, 200, 1, 0, 1, 0, 0, 1, 0
1635344958574, 44.8, 100, ARCX, 44.85, 200, XNAS, 44.81, 1, BATS, 36867, 1.66653e+06, 45.2038, 100, 1, 200, 1, 1, 0, 0, 0, 1, 0
1635344958574, 44.8, 100, ARCX, 44.83, 100, XNAS, 44.81, 10, XNAS, 36877, 1.66698e+06, 45.2037, 100, 1, 100, 1, 1, 0, 0, 0, 1, 0
1635344958574, 44.8, 100, ARCX, 44.83, 100, XNAS, 44.81, 1, XNAS, 36878, 1.66702e+06, 45.2037, 100, 1, 100, 1, 1, 0, 0, 0, 1, 0
1635344958574, 44.8, 100, ARCX, 44.83, 100, XNAS, 44.81, 1, XNAS, 36879, 1.66707e+06, 45.2037, 100, 1, 100, 1, 1, 0, 0, 0, 1, 0
1635344958574, 44.8, 100, ARCX, 44.83, 100, XNAS, 44.8, 38, ARCX, 36917, 1.66877e+06, 45.2033, 100, 1, 100, 1, 1, 0, 0, 0, 1, 0
1635344958575, 44.74, 100, XPSX, 44.81, 100, MEMX, 44.8, 62, ARCX, 36979, 1.67155e+06, 45.2026, 100, 1, 100, 1, 1, 0, 0, 1, 0, 0
1635344958578, 44.76, 100, ARCX, 44.83, 100, XNAS, 44.81, 11, MEMX, 36990, 1.67204e+06, 45.2025, 100, 1, 100, 1, 1, 0, 0, 1, 0, 0
1635344958578, 44.76, 100, ARCX, 44.83, 100, XNAS, 44.81, 89, MEMX, 37079, 1.67603e+06, 45.2015, 100, 1, 100, 1, 1, 0, 0, 1, 0, 0
1635344959041, 44.73, 400, XNAS, 44.83, 100, XNAS, 44.8, 1, XNAS, 37080, 1.67607e+06, 45.2015, 800, 3, 100, 1, 1, 0, 0, 1, 0, 0
1635344962999, 44.75, 200, XCHI, 44.9, 400, XNAS, 44.9, 25, XADF, 37105, 1.6772e+06, 45.2013, 300, 2, 700, 2, 1, 1, 0, 1, 0, 0
1635344973930, 44.76, 200, XCHI, 44.89, 300, XNAS, 44.76, 1, XADF, 37106, 1.67724e+06, 45.2013, 200, 1, 600, 2, 1, 1, 0, 0, 1, 0
1635344992989, 44.8, 200, XNAS, 44.88, 100, XNAS, 44.8, 11, IEXG, 37117, 1.67773e+06, 45.2012, 300, 2, 100, 1, 1, 0, 0, 0, 1, 0
1635345012853, 44.74, 200, XCHI, 44.88, 300, IEXG, 44.81, 1, XNAS, 37118, 1.67778e+06, 45.2012, 400, 3, 800, 3, 1, 0, 1, 0, 0, 0
1635345028220, 44.76, 200, XCHI, 44.87, 200, XCHI, 44.7993, 1, XADF, 37119, 1.67782e+06, 45.2012, 200, 1, 400, 2, 1, 1, 0, 0, 1, 0
1635345032115, 44.76, 200, XCHI, 44.86, 100, XCHI, 44.86, 3, XADF, 37122, 1.67796e+06, 45.2011, 200, 1, 100, 1, 1, 1, 0, 1, 0, 0
1635345032279, 44.77, 200, XCHI, 44.86, 100, XCHI, 44.83, 1, XNAS, 37123, 1.678e+06, 45.2011, 200, 1, 100, 1, 1, 0, 0, 1, 0, 0
1635345033118, 44.79, 200, XNAS, 44.87, 200, XNAS, 44.8529, 1, XADF, 37124, 1.67805e+06, 45.2011, 700, 4, 300, 2, 1, 1, 0, 1, 0, 0
1635345036666, 44.79, 200, XCHI, 44.87, 200, XNAS, 44.806, 20, XADF, 37144, 1.67894e+06, 45.2009, 200, 1, 300, 2, 1, 1, 0, 0, 1, 0
1635345036666, 44.79, 200, XCHI, 44.87, 200, XNAS, 44.83, 20, XADF, 37164, 1.67984e+06, 45.2007, 200, 1, 300, 2, 1, 1, 1, 0, 0, 0
1635345063525, 44.78, 200, XCHI, 44.87, 200, XNAS, 44.7801, 6, XADF, 37170, 1.68011e+06, 45.2006, 700, 4, 300, 2, 1, 1, 0, 0, 1, 0
1635345071019, 44.78, 200, XCHI, 44.86, 300, XNAS, 44.82, 25, IEXG, 37195, 1.68123e+06, 45.2004, 200, 1, 600, 3, 1, 0, 1, 0, 0, 0
1635345071026, 44.78, 200, XCHI, 44.86, 300, XNAS, 44.86, 600, XADF, 37795, 1.70814e+06, 45.195, 200, 1, 600, 3, 0, 1, 0, 1, 0, 0
1635345071066, 44.79, 100, XNAS, 44.86, 200, BATS, 44.859, 9, XADF, 37804, 1.70855e+06, 45.1949, 200, 2, 400, 2, 1, 1, 0, 1, 0, 0
1635345072003, 44.79, 100, XNAS, 44.86, 200, BATS, 44.85, 3, XADF, 37807, 1.70868e+06, 45.1949, 100, 1, 400, 2, 1, 1, 0, 1, 0, 0
1635345075883, 44.79, 200, XCHI, 44.86, 200, BATS, 44.825, 45, XADF, 37852, 1.7107e+06, 45.1944, 500, 3, 400, 2, 1, 1, 1, 0, 0, 0
1635345075989, 44.79, 200, XCHI, 44.86, 200, BATS, 44.825, 100, XADF, 37952, 1.71518e+06, 45.1935, 500, 3, 400, 2, 0, 1, 1, 0, 0, 0
1635345077330, 44.79, 200, XCHI, 44.86, 200, BATS, 44.825, 100, XADF, 38052, 1.71967e+06, 45.1925, 500, 3, 400, 2, 0, 1, 1, 0, 0, 0
1635345078099, 44.79, 200, XCHI, 44.86, 200, BATS, 44.82, 2, BATY, 38054, 1.71975e+06, 45.1925, 500, 3, 400, 2, 1, 0, 0, 0, 1, 0
1635345082056, 44.79, 100, XNAS, 44.86, 200, XNAS, 44.83, 1, BATS, 38055, 1.7198e+06, 45.1925, 100, 1, 200, 1, 1, 0, 0, 1, 0, 0
1635345106041, 44.79, 100, XNAS, 44.86, 300, XNAS, 44.83, 1, XNAS, 38056, 1.71984e+06, 45.1925, 200, 2, 300, 1, 1, 0, 0, 1, 0, 0
1635345136118, 44.79, 200, XCHI, 44.87, 100, XNAS, 44.86, 100, XNAS, 38156, 1.72433e+06, 45.1916, 600, 3, 100, 1, 0, 1, 0, 1, 0, 0
1635345136118, 44.79, 200, XCHI, 44.87, 100, XNAS, 44.86, 100, XNAS, 38256, 1.72882e+06, 45.1907, 600, 3, 100, 1, 0, 1, 0, 1, 0, 0
1635345136118, 44.83, 100, XNAS, 44.93, 200, XNAS, 44.87, 30, XNAS, 38286, 1.73016e+06, 45.1905, 100, 1, 400, 3, 1, 0, 0, 0, 1, 0
1635345136118, 44.83, 100, XNAS, 44.93, 200, XNAS, 44.87, 70, XNAS, 38356, 1.7333e+06, 45.1899, 100, 1, 400, 3, 1, 0, 0, 0, 1, 0
1635345136118, 44.83, 100, XNAS, 44.93, 100, BATS, 44.86, 11, ARCX, 38367, 1.7338e+06, 45.1898, 100, 1, 300, 3, 1, 0, 0, 0, 1, 0
1635345136118, 44.83, 100, XNAS, 44.93, 100, BATS, 44.86, 20, ARCX, 38387, 1.73469e+06, 45.1896, 100, 1, 300, 3, 1, 0, 0, 0, 1, 0
1635345136118, 44.83, 200, XNAS, 44.92, 100, XNAS, 44.88, 4, BATS, 38391, 1.73487e+06, 45.1896, 200, 1, 100, 1, 1, 0, 0, 1, 0, 0
1635345136118, 44.83, 200, XNAS, 44.92, 100, XNAS, 44.88, 1, XCIS, 38392, 1.73492e+06, 45.1896, 200, 1, 100, 1, 1, 0, 0, 1, 0, 0
1635345136119, 44.83, 200, XNAS, 44.92, 100, XNAS, 44.875, 17, IEXG, 38409, 1.73568e+06, 45.1894, 200, 1, 100, 1, 1, 0, 1, 0, 0, 0
1635345136119, 44.83, 200, XNAS, 44.92, 100, XNAS, 44.88, 1, XNYS, 38410, 1.73573e+06, 45.1894, 300, 2, 100, 1, 1, 0, 0, 1, 0, 0
1635345136121, 44.83, 200, XNAS, 44.92, 300, IEXG, 44.88, 1, EDGX, 38411, 1.73577e+06, 45.1894, 300, 2, 400, 2, 1, 0, 0, 1, 0, 0
1635345136152, 44.84, 100, XNAS, 44.92, 300, XNAS, 44.84, 100, XNAS, 38511, 1.74026e+06, 45.1885, 100, 1, 400, 2, 0, 0, 0, 0, 1, 0
1635345136152, 44.83, 300, IEXG, 44.92, 300, XNAS, 44.84, 100, XNAS, 38611, 1.74474e+06, 45.1876, 400, 2, 400, 2, 0, 1, 0, 0, 1, 0
1635345136152, 44.83, 300, IEXG, 44.92, 300, XNAS, 44.84, 20, XNAS, 38631, 1.74564e+06, 45.1874, 400, 2, 400, 2, 1, 0, 0, 0, 1, 0
1635345136153, 44.83, 300, IEXG, 44.91, 200, XNAS, 44.83, 100, XNAS, 38731, 1.75012e+06, 45.1865, 400, 2, 200, 1, 0, 0, 0, 0, 1, 0
1635345136153, 44.83, 300, IEXG, 44.91, 100, XNAS, 44.88, 33, EPRL, 38764, 1.7516e+06, 45.1863, 300, 1, 100, 1, 1, 0, 0, 1, 0, 0
1635345136153, 44.8, 300, XNAS, 44.91, 300, IEXG, 44.83, 300, IEXG, 39064, 1.76505e+06, 45.1835, 400, 2, 400, 2, 0, 1, 0, 0, 1, 0
1635345164863, 44.84, 100, XNAS, 44.92, 300, XNAS, 44.92, 600, XADF, 39664, 1.792e+06, 45.1795, 100, 1, 600, 2, 0, 1, 0, 1, 0, 0
1635345166835, 44.84, 200, XNAS, 44.92, 300, IEXG, 44.9, 25, XNAS, 39690, 1.79317e+06, 45.1793, 200, 1, 500, 2, 1, 0, 0, 1, 0, 0
1635345166835, 44.84, 200, XNAS, 44.92, 300, IEXG, 44.91, 100, XNAS, 39790, 1.79766e+06, 45.1787, 200, 1, 400, 2, 0, 1, 0, 1, 0, 0
1635345166835, 44.84, 200, XNAS, 44.92, 300, IEXG, 44.92, 100, XNAS, 39890, 1.80215e+06, 45.178, 200, 1, 400, 2, 0, 0, 0, 1, 0, 0
1635345166835, 44.84, 200, XNAS, 44.92, 300, IEXG, 44.92, 75, XNAS, 39965, 1.80552e+06, 45.1775, 200, 1, 400, 2, 1, 0, 0, 1, 0, 0
1635345166836, 44.84, 200, XNAS, 44.92, 300, IEXG, 44.92, 25, XNAS, 39990, 1.80664e+06, 45.1774, 200, 1, 300, 1, 1, 0, 0, 1, 0, 0
1635345166836, 44.84, 200, XNAS, 44.92, 300, IEXG, 44.92, 75, XNAS, 40065, 1.81001e+06, 45.1769, 200, 1, 300, 1, 1, 0, 0, 1, 0, 0
1635345166836, 44.84, 200, XNAS, 44.92, 300, IEXG, 44.92, 1, ARCX, 40066, 1.81006e+06, 45.1769, 200, 1, 400, 2, 1, 0, 0, 1, 0, 0
1635345167073, 44.85, 100, XNAS, 44.92, 100, XNAS, 44.885, 2, XADF, 40068, 1.81015e+06, 45.1769, 200, 2, 100, 1, 1, 1, 1, 0, 0, 0
1635345197079, 44.87, 200, XCHI, 44.95, 200, XNAS, 44.863, 1, XADF, 40069, 1.81019e+06, 45.1769, 400, 3, 200, 1, 1, 1, 0, 0, 1, 1
1635345206344, 44.87, 200, XCHI, 44.95, 200, XNAS, 44.945, 200, XADF, 40269, 1.81918e+06, 45.1757, 400, 3, 500, 3, 0, 1, 0, 1, 0, 0
1635345208030, 44.87, 200, XCHI, 44.95, 200, XNAS, 44.91, 14, XNAS, 40283, 1.81981e+06, 45.1756, 400, 3, 600, 3, 1, 0, 1, 0, 0, 0
1635345208030, 44.87, 200, XCHI, 44.95, 200, XNAS, 44.91, 100, XNAS, 40383, 1.8243e+06, 45.175, 400, 3, 600, 3, 0, 1, 1, 0, 0, 0
1635345208030, 44.87, 200, XCHI, 44.95, 200, XNAS, 44.9, 2, EDGX, 40385, 1.82439e+06, 45.175, 400, 3, 600, 3, 1, 0, 0, 0, 1, 0
1635345208064, 44.88, 100, EDGA, 44.94, 400, XNAS, 44.88, 100, XNAS, 40485, 1.82888e+06, 45.1742, 100, 1, 500, 2, 0, 1, 0, 0, 1, 0
1635345208064, 44.88, 100, EDGA, 44.94, 400, XNAS, 44.88, 33, XNAS, 40518, 1.83036e+06, 45.174, 100, 1, 500, 2, 1, 0, 0, 0, 1, 0
1635345208064, 44.88, 100, EDGA, 44.94, 400, XNAS, 44.88, 100, XNAS, 40618, 1.83485e+06, 45.1733, 100, 1, 500, 2, 0, 1, 0, 0, 1, 0
1635345208064, 44.87, 100, XNAS, 44.93, 400, XNAS, 44.88, 100, EDGA, 40718, 1.83934e+06, 45.1725, 100, 1, 400, 1, 0, 1, 0, 0, 1, 0
1635345256678, 44.84, 100, XNAS, 44.92, 300, XNAS, 44.915, 100, XADF, 40818, 1.84383e+06, 45.1719, 200, 2, 700, 3, 0, 1, 0, 1, 0, 0
1635345257350, 44.84, 300, IEXG, 44.92, 200, XNAS, 44.92, 1, EDGA, 40819, 1.84387e+06, 45.1719, 700, 3, 300, 2, 1, 0, 0, 1, 0, 0
1635345257351, 44.84, 300, IEXG, 44.92, 100, XNAS, 44.92, 100, XNAS, 40919, 1.84836e+06, 45.1713, 700, 3, 200, 2, 0, 0, 0, 1, 0, 0
1635345257351, 44.85, 100, XNAS, 44.92, 100, ARCX, 44.92, 100, XNAS, 41019, 1.85286e+06, 45.1707, 100, 1, 200, 2, 0, 0, 0, 1, 0, 0
1635345257351, 44.86, 200, XNAS, 44.92, 200, XNAS, 44.92, 100, ARCX, 41119, 1.85735e+06, 45.1701, 200, 1, 300, 2, 0, 0, 0, 1, 0, 0
1635345257381, 44.87, 100, XNAS, 44.94, 100, XNAS, 44.92, 200, XNAS, 41319, 1.86633e+06, 45.1689, 100, 1, 100, 1, 0, 1, 0, 1, 0, 0
1635345257609, 44.86, 200, XCHI, 44.92, 100, XNAS, 44.86, 100, XADF, 41419, 1.87082e+06, 45.1681, 500, 3, 100, 1, 0, 1, 0, 0, 1, 0
1635345257609, 44.86, 200, XCHI, 44.92, 100, XNAS, 44.88, 2, BATS, 41421, 1.87091e+06, 45.1681, 500, 3, 100, 1, 1, 0, 0, 0, 1, 0
1635345258061, 44.86, 100, XNAS, 44.92, 100, XNAS, 44.91, 3, XADF, 41424, 1.87104e+06, 45.1681, 100, 1, 200, 2, 1, 1, 0, 1, 0, 0
1635345272011, 44.86, 100, XNAS, 44.92, 100, EDGA, 44.8824, 1, XADF, 41425, 1.87109e+06, 45.1681, 100, 1, 100, 1, 1, 1, 0, 0, 1, 0
1635345283528, 44.86, 100, XNAS, 44.92, 100, IEXG, 44.8741, 1, XADF, 41426, 1.87113e+06, 45.1681, 100, 1, 100, 1, 1, 1, 0, 0, 1, 0
1635345317852, 44.78, 300, XNAS, 44.9, 300, IEXG, 44.83, 1, XNAS, 41427, 1.87118e+06, 45.1681, 300, 1, 400, 2, 1, 0, 0, 0, 1, 0
1635345317852, 44.78, 300, XNAS, 44.89, 200, XNAS, 44.82, 1, XNAS, 41428, 1.87122e+06, 45.168, 300, 1, 200, 1, 1, 0, 0, 0, 1, 0
1635345317852, 44.78, 300, XNAS, 44.89, 200, XNAS, 44.82, 20, XNAS, 41448, 1.87212e+06, 45.1679, 300, 1, 200, 1, 1, 0, 0, 0, 1, 0
1635345317852, 44.78, 300, XNAS, 44.89, 200, XNAS, 44.82, 79, XNAS, 41527, 1.87566e+06, 45.1672, 300, 1, 200, 1, 1, 0, 0, 0, 1, 0
1635345317852, 44.78, 300, XNAS, 44.89, 100, XNAS, 44.83, 1, BATS, 41528, 1.8757e+06, 45.1672, 300, 1, 100, 1, 1, 0, 0, 0, 1, 0
1635345317852, 44.78, 300, XNAS, 44.89, 100, XNAS, 44.83, 9, BATS, 41537, 1.87611e+06, 45.1671, 300, 1, 100, 1, 1, 0, 0, 0, 1, 0
1635345317853, 44.78, 300, XNAS, 44.87, 300, IEXG, 44.86, 2, XASE, 41539, 1.8762e+06, 45.1671, 500, 2, 300, 1, 1, 0, 0, 1, 0, 0
1635345323805, 44.78, 200, XCHI, 44.87, 100, IEXG, 44.825, 25, XNAS, 41564, 1.87732e+06, 45.1669, 600, 3, 100, 1, 1, 0, 1, 0, 0, 0
1635345323805, 44.78, 200, XCHI, 44.87, 100, IEXG, 44.82, 1, XNAS, 41565, 1.87736e+06, 45.1669, 600, 3, 100, 1, 1, 0, 0, 0, 1, 0
1635345323805, 44.78, 200, XCHI, 44.86, 100, XNAS, 44.82, 10, BATS, 41575, 1.87781e+06, 45.1668, 500, 3, 100, 1, 1, 0, 1, 0, 0, 0
1635345323805, 44.78, 200, XCHI, 44.86, 100, XNAS, 44.82, 10, BATS, 41585, 1.87826e+06, 45.1667, 400, 2, 100, 1, 1, 0, 1, 0, 0, 0
1635345323881, 44.81, 100, XNAS, 44.89, 300, IEXG, 44.85, 25, IEXG, 41610, 1.87938e+06, 45.1665, 100, 1, 400, 2, 1, 0, 1, 0, 0, 0
1635345323881, 44.81, 100, XNAS, 44.89, 300, IEXG, 44.85, 10, IEXG, 41620, 1.87983e+06, 45.1665, 100, 1, 400, 2, 1, 0, 1, 0, 0, 0
1635345323988, 44.79, 200, XNAS, 44.91, 300, XNAS, 44.88, 1, EDGX, 41621, 1.87987e+06, 45.1665, 200, 1, 300, 1, 1, 0, 0, 1, 0, 0
1635345323993, 44.82, 300, XNAS, 44.9, 100, IEXG, 44.88, 2, EDGX, 41623, 1.87996e+06, 45.1665, 300, 1, 100, 1, 1, 0, 0, 1, 0, 0
1635345328943, 44.82, 200, XNAS, 44.9, 300, IEXG, 44.86, 100, IEXG, 41723, 1.88445e+06, 45.1657, 300, 2, 700, 3, 0, 1, 1, 0, 0, 0
1635345338080, 44.82, 100, XNAS, 44.87, 100, IEXG, 44.83, 80, XNAS, 41803, 1.88804e+06, 45.1651, 100, 1, 100, 1, 1, 0, 0, 0, 1, 0
1635345338080, 44.82, 100, XNAS, 44.87, 100, IEXG, 44.82, 16, XNAS, 41819, 1.88875e+06, 45.1649, 100, 1, 100, 1, 1, 0, 0, 0, 1, 0
1635345338080, 44.82, 100, XNAS, 44.87, 100, IEXG, 44.82, 60, XNAS, 41879, 1.89144e+06, 45.1644, 100, 1, 100, 1, 1, 0, 0, 0, 1, 0
1635345338080, 44.8, 100, XNAS, 44.87, 300, IEXG, 44.82, 24, XNAS, 41903, 1.89252e+06, 45.1643, 100, 1, 300, 1, 1, 0, 0, 0, 1, 0
1635345338080, 44.79, 200, XNAS, 44.87, 300, IEXG, 44.82, 6, XNAS, 41909, 1.89279e+06, 45.1642, 200, 1, 300, 1, 1, 0, 0, 0, 1, 0
1635345338080, 44.79, 200, XNAS, 44.87, 300, IEXG, 44.82, 13, XNAS, 41922, 1.89337e+06, 45.1641, 200, 1, 300, 1, 1, 0, 0, 0, 1, 0
1635345338080, 44.79, 200, XNAS, 44.87, 300, IEXG, 44.82, 81, XNAS, 42003, 1.897e+06, 45.1634, 200, 1, 300, 1, 1, 0, 0, 0, 1, 0
1635345338080, 44.79, 200, XNAS, 44.87, 300, IEXG, 44.82, 100, XNAS, 42103, 1.90148e+06, 45.1626, 200, 1, 300, 1, 0, 1, 0, 0, 1, 0
1635345338080, 44.79, 200, XNAS, 44.87, 300, IEXG, 44.81, 1, XNAS, 42104, 1.90153e+06, 45.1626, 200, 1, 300, 1, 1, 0, 0, 0, 1, 0
1635345338080, 44.79, 100, XNAS, 44.87, 300, IEXG, 44.81, 2, XNAS, 42106, 1.90162e+06, 45.1626, 100, 1, 300, 1, 1, 0, 0, 0, 1, 0
1635345338080, 44.79, 100, XNAS, 44.87, 300, IEXG, 44.81, 2, XNAS, 42108, 1.90171e+06, 45.1626, 100, 1, 300, 1, 1, 0, 0, 0, 1, 0
1635345338198, 44.76, 100, XNAS, 44.85, 300, IEXG, 44.82, 100, BATS, 42208, 1.90619e+06, 45.1618, 100, 1, 600, 3, 0, 1, 0, 1, 0, 0
1635345342383, 44.78, 200, XCHI, 44.86, 300, IEXG, 44.82, 100, XADF, 42308, 1.91067e+06, 45.161, 500, 3, 300, 1, 0, 1, 1, 0, 0, 0
1635345368622, 44.78, 200, XCHI, 44.85, 100, EDGA, 44.815, 91, XADF, 42399, 1.91475e+06, 45.1602, 300, 2, 100, 1, 1, 1, 1, 0, 0, 0
1635345376991, 44.78, 200, XCHI, 44.88, 200, XCHI, 44.8776, 1, XADF, 42400, 1.91479e+06, 45.1602, 200, 1, 500, 3, 1, 1, 0, 1, 0, 0
1635345378849, 44.78, 200, XCHI, 44.88, 300, XNAS, 44.83, 1, XNAS, 42401, 1.91484e+06, 45.1602, 200, 1, 500, 2, 1, 0, 1, 0, 0, 0
1635345381831, 44.78, 100, XNAS, 44.88, 200, IEXG, 44.81, 40, XNAS, 42441, 1.91663e+06, 45.1599, 100, 1, 600, 3, 1, 0, 0, 0, 1, 0
1635345381832, 44.78, 100, XNAS, 44.84, 200, XNAS, 44.81, 1, ARCX, 42444, 1.91676e+06, 45.1598, 100, 1, 200, 1, 1, 0, 1, 0, 0, 0
1635345391440, 44.78, 200, XCHI, 44.87, 300, XNAS, 44.8, 9, XNAS, 42453, 1.91717e+06, 45.1598, 200, 1, 700, 3, 1, 0, 0, 0, 1, 0
1635345391440, 44.78, 200, XCHI, 44.87, 300, XNAS, 44.8, 1, XNAS, 42454, 1.91721e+06, 45.1598, 200, 1, 700, 3, 1, 0, 0, 0, 1, 0
1635345394037, 44.76, 200, XCHI, 44.83, 100, IEXG, 44.8, 1, XNAS, 42455, 1.91726e+06, 45.1597, 500, 3, 100, 1, 1, 0, 0, 1, 0, 0
1635345403784, 44.78, 100, XNAS, 44.86, 200, XCHI, 44.83, 53, BATS, 42508, 1.91963e+06, 45.1593, 100, 1, 300, 2, 1, 0, 0, 1, 0, 0
1635345413380, 44.81, 100, XNAS, 44.88, 300, IEXG, 44.81, 1, XADF, 42509, 1.91968e+06, 45.1593, 100, 1, 600, 3, 1, 1, 0, 0, 1, 0
1635345413381, 44.81, 100, XNAS, 44.88, 300, IEXG, 44.81, 1, XADF, 42510, 1.91972e+06, 45.1593, 100, 1, 600, 3, 1, 1, 0, 0, 1, 0
1635345419728, 44.81, 100, XNAS, 44.87, 300, IEXG, 44.8762, 1, XADF, 42511, 1.91977e+06, 45.1593, 100, 1, 300, 1, 1, 1, 0, 1, 0, 1
1635345419730, 44.77, 200, XNAS, 44.87, 300, IEXG, 44.83, 1, BATS, 42512, 1.91981e+06, 45.1593, 200, 1, 500, 2, 1, 0, 0, 1, 0, 0
1635345428703, 44.79, 100, IEXG, 44.87, 300, IEXG, 44.79, 1, XADF, 42513, 1.91986e+06, 45.1593, 300, 3, 700, 4, 1, 1, 0, 0, 1, 0
1635345429279, 44.79, 100, XNAS, 44.86, 100, XCHI, 44.79, 271, XADF, 42784, 1.932e+06, 45.157, 100, 1, 200, 2, 0, 1, 0, 0, 1, 0
1635345429952, 44.79, 100, XNAS, 44.86, 100, XCHI, 44.8, 25, XADF, 42809, 1.93312e+06, 45.1568, 100, 1, 400, 4, 1, 1, 0, 0, 1, 0
1635345431549, 44.79, 100, XNAS, 44.86, 100, XCHI, 44.825, 100, XADF, 42909, 1.9376e+06, 45.156, 100, 1, 400, 4, 0, 1, 1, 0, 0, 0
1635345442482, 44.77, 200, XCHI, 44.86, 100, EDGA, 44.81, 2, XNAS, 42911, 1.93769e+06, 45.156, 200, 1, 400, 4, 1, 0, 0, 0, 1, 0
1635345447337, 44.77, 200, XCHI, 44.85, 100, XCHI, 44.81, 1, XNAS, 42912, 1.93773e+06, 45.156, 200, 1, 100, 1, 1, 0, 1, 0, 0, 0
1635345447364, 44.8, 100, XNAS, 44.85, 100, XCHI, 44.83, 1, BATS, 42913, 1.93778e+06, 45.1559, 100, 1, 100, 1, 1, 0, 0, 1, 0, 0
1635345447364, 44.8, 100, XNAS, 44.85, 100, XCHI, 44.83, 1, ARCX, 42914, 1.93782e+06, 45.1559, 100, 1, 100, 1, 1, 0, 0, 1, 0, 0
1635345447484, 44.8, 100, ARCX, 44.86, 100, EDGA, 44.85, 1, XNAS, 42915, 1.93787e+06, 45.1559, 100, 1, 100, 1, 1, 0, 0, 1, 0, 0
1635345447485, 44.8, 100, ARCX, 44.87, 300, IEXG, 44.85, 100, EDGA, 43015, 1.94235e+06, 45.1552, 200, 2, 300, 1, 0, 1, 0, 1, 0, 0
1635345465505, 44.82, 200, EDGX, 44.86, 300, IEXG, 44.85, 73, EDGX, 43088, 1.94563e+06, 45.1547, 200, 1, 400, 2, 1, 0, 0, 1, 0, 0
1635345465505, 44.82, 200, EDGX, 44.86, 300, IEXG, 44.86, 100, EDGA, 43188, 1.95011e+06, 45.154, 200, 1, 300, 1, 0, 1, 0, 1, 0, 0
1635345465505, 44.83, 100, EDGX, 44.86, 300, IEXG, 44.85, 27, EDGX, 43215, 1.95132e+06, 45.1538, 100, 1, 300, 1, 1, 0, 0, 1, 0, 0
1635345465505, 44.83, 100, EDGX, 44.86, 300, IEXG, 44.86, 46, EDGX, 43261, 1.95339e+06, 45.1535, 100, 1, 300, 1, 1, 0, 0, 1, 0, 0
1635345465505, 44.83, 100, EDGX, 44.86, 300, IEXG, 44.86, 20, ARCX, 43281, 1.95428e+06, 45.1534, 100, 1, 300, 1, 1, 0, 0, 1, 0, 0
1635345465505, 44.83, 100, EDGX, 44.86, 300, IEXG, 44.86, 27, EDGX, 43308, 1.95549e+06, 45.1532, 100, 1, 300, 1, 1, 0, 0, 1, 0, 0
1635345465505, 44.83, 100, EDGX, 44.86, 300, IEXG, 44.85, 31, IEXG, 43339, 1.95689e+06, 45.153, 100, 1, 300, 1, 1, 0, 0, 1, 0, 0
1635345465505, 44.83, 100, EDGX, 44.86, 300, IEXG, 44.85, 100, IEXG, 43439, 1.96137e+06, 45.1523, 100, 1, 300, 1, 0, 1, 0, 1, 0, 0
1635345465505, 44.83, 100, EDGX, 44.86, 300, IEXG, 44.86, 100, IEXG, 43539, 1.96586e+06, 45.1516, 100, 1, 300, 1, 0, 0, 0, 1, 0, 0
1635345465505, 44.83, 100, EDGX, 44.86, 300, IEXG, 44.86, 69, IEXG, 43608, 1.96895e+06, 45.1512, 100, 1, 300, 1, 1, 0, 0, 1, 0, 0
1635345465506, 44.83, 100, EDGX, 44.86, 100, IEXG, 44.86, 131, IEXG, 43739, 1.97483e+06, 45.1503, 100, 1, 100, 1, 0, 0, 0, 1, 0, 0
1635345465506, 44.83, 100, EDGX, 44.89, 200, XNAS, 44.88, 2, BATS, 43741, 1.97492e+06, 45.1503, 100, 1, 200, 1, 1, 0, 0, 1, 0, 0
1635345500850, 44.82, 200, EDGX, 44.9, 200, XNAS, 44.86, 2, BATS, 43743, 1.97501e+06, 45.1503, 200, 1, 200, 1, 1, 0, 1, 0, 0, 0
1635345526142, 44.83, 100, XNAS, 44.9, 200, XNAS, 44.9, 100, XADF, 43843, 1.9795e+06, 45.1497, 300, 3, 200, 1, 0, 1, 0, 1, 0, 0
1635345530964, 44.82, 200, EDGX, 44.9, 200, XNAS, 44.82, 6, XADF, 43849, 1.97977e+06, 45.1496, 300, 2, 300, 2, 1, 1, 0, 0, 1, 0
1635345549354, 44.82, 200, EDGX, 44.9, 200, XNAS, 44.8618, 100, XADF, 43849, 1.97977e+06, 45.1496, 300, 2, 300, 2, 0, 1, 0, 1, 0, 0
1635345586040, 44.82, 300, IEXG, 44.9, 100, XCHI, 44.86, 1, BATS, 43850, 1.97981e+06, 45.1496, 700, 3, 100, 1, 1, 0, 1, 0, 0, 0
1635345586044, 44.82, 300, IEXG, 44.91, 200, XNAS, 44.82, 1, XADF, 43851, 1.97986e+06, 45.1496, 800, 4, 200, 1, 1, 1, 0, 0, 1, 0
1635345590647, 44.83, 100, XCHI, 44.91, 300, XNAS, 44.83, 2, XCHI, 43853, 1.97995e+06, 45.1496, 100, 1, 300, 1, 1, 0, 0, 0, 1, 0
1635345592113, 44.82, 200, EDGX, 44.9, 400, XNAS, 44.905, 1, XADF, 43854, 1.97999e+06, 45.1496, 400, 3, 500, 2, 1, 1, 0, 1, 0, 1
1635345598408, 44.82, 300, IEXG, 44.9, 400, XNAS, 44.82, 2, XADF, 43856, 1.98008e+06, 45.1496, 500, 3, 500, 2, 1, 1, 0, 0, 1, 0
1635345653074, 44.82, 300, IEXG, 44.9, 100, XNAS, 44.9, 1, XADF, 43857, 1.98013e+06, 45.1496, 500, 3, 200, 2, 1, 1, 0, 1, 0, 0
1635345682073, 44.82, 100, IEXG, 44.9, 100, XNAS, 44.86, 1, XNAS, 43858, 1.98017e+06, 45.1496, 200, 2, 100, 1, 1, 0, 1, 0, 0, 0
1635345686430, 44.82, 200, IEXG, 44.9, 100, XNAS, 44.8414, 9, XADF, 43867, 1.98057e+06, 45.1495, 400, 3, 100, 1, 1, 1, 0, 0, 1, 0
1635345698191, 44.82, 100, EDGX, 44.89, 300, XNAS, 44.85, 1, XNAS, 43868, 1.98062e+06, 45.1495, 300, 3, 300, 1, 1, 0, 0, 0, 1, 0
1635345698214, 44.82, 100, EDGX, 44.87, 100, EDGA, 44.86, 5, BATY, 43873, 1.98084e+06, 45.1495, 100, 1, 100, 1, 1, 0, 0, 1, 0, 0
1635345698215, 44.82, 100, EDGX, 44.87, 100, EDGA, 44.86, 100, IEXG, 43973, 1.98533e+06, 45.1488, 100, 1, 100, 1, 0, 1, 0, 1, 0, 0
1635345698215, 44.82, 100, EDGX, 44.88, 300, XNAS, 44.83, 1, XNAS, 43974, 1.98537e+06, 45.1488, 200, 2, 300, 1, 1, 0, 0, 0, 1, 0
1635345699591, 44.82, 100, EDGX, 44.87, 100, XNAS, 44.82, 100, EDGA, 44074, 1.98986e+06, 45.1481, 100, 1, 100, 1, 0, 1, 0, 0, 1, 0
1635345699591, 44.82, 100, EDGX, 44.87, 100, XNAS, 44.82, 22, BATS, 44096, 1.99084e+06, 45.1479, 100, 1, 100, 1, 1, 0, 0, 0, 1, 0
1635345699591, 44.79, 100, XNAS, 44.87, 100, XNAS, 44.82, 198, EDGX, 44294, 1.99972e+06, 45.1464, 100, 1, 100, 1, 0, 1, 0, 0, 1, 0
1635345699592, 44.79, 200, XCHI, 44.88, 200, XNAS, 44.82, 1, XNAS, 44295, 1.99976e+06, 45.1464, 200, 1, 200, 1, 1, 0, 0, 0, 1, 0
1635345699592, 44.79, 200, XCHI, 44.88, 200, XNAS, 44.82, 13, XNAS, 44308, 2.00034e+06, 45.1463, 200, 1, 200, 1, 1, 0, 0, 0, 1, 0
1635345700359, 44.83, 100, XNAS, 44.88, 200, XNAS, 44.83, 3, XADF, 44311, 2.00048e+06, 45.1463, 100, 1, 400, 2, 1, 1, 0, 0, 1, 0
1635345700359, 44.83, 100, XNAS, 44.88, 200, XNAS, 44.83, 43, XADF, 44354, 2.00241e+06, 45.146, 100, 1, 400, 2, 1, 1, 0, 0, 1, 0
1635345701234, 44.79, 100, IEXG, 44.88, 300, XNAS, 44.83, 100, XNAS, 44454, 2.00689e+06, 45.1453, 100, 1, 500, 2, 0, 1, 0, 0, 1, 0
1635345704416, 44.79, 300, IEXG, 44.88, 300, XNAS, 44.79, 2, EDGA, 44456, 2.00698e+06, 45.1453, 300, 1, 300, 1, 1, 0, 0, 0, 1, 0
1635345707134, 44.8, 100, XNAS, 44.87, 100, XNAS, 44.85, 100, EDGX, 44556, 2.01146e+06, 45.1446, 100, 1, 100, 1, 0, 1, 0, 1, 0, 0
1635345708540, 44.79, 300, IEXG, 44.87, 100, XNAS, 44.79, 100, EDGA, 44656, 2.01594e+06, 45.1438, 300, 1, 200, 2, 0, 1, 0, 0, 1, 0
1635345708540, 44.79, 300, IEXG, 44.87, 100, XNAS, 44.8, 100, IEXG, 44756, 2.02042e+06, 45.1431, 300, 1, 100, 1, 0, 1, 0, 0, 1, 0
1635345708540, 44.79, 300, IEXG, 44.87, 100, XNAS, 44.79, 100, IEXG, 44856, 2.0249e+06, 45.1423, 300, 1, 100, 1, 0, 0, 0, 0, 1, 0
1635345708540, 44.79, 300, IEXG, 44.87, 100, XNAS, 44.79, 100, IEXG, 44956, 2.02938e+06, 45.1415, 300, 1, 100, 1, 0, 0, 0, 0, 1, 0
1635345709011, 44.78, 100, XNAS, 44.87, 400, IEXG, 44.799, 50, XADF, 45006, 2.03162e+06, 45.1411, 100, 1, 500, 2, 1, 1, 0, 0, 1, 0
1635345709011, 44.78, 100, XNAS, 44.87, 400, IEXG, 44.825, 50, XADF, 45056, 2.03386e+06, 45.1407, 100, 1, 500, 2, 1, 1, 1, 0, 0, 0
1635345713433, 44.78, 100, XNAS, 44.87, 300, IEXG, 44.825, 100, XADF, 45156, 2.03834e+06, 45.14, 100, 1, 400, 2, 0, 1, 1, 0, 0, 0
1635345759643, 44.79, 200, XCHI, 44.86, 100, EDGA, 44.81, 1, ARCX, 45157, 2.03839e+06, 45.14, 200, 1, 200, 2, 1, 0, 0, 0, 1, 0
1635345759643, 44.79, 100, XCHI, 44.86, 100, XNAS, 44.79, 1, XCHI, 45158, 2.03843e+06, 45.14, 100, 1, 100, 1, 1, 0, 0, 0, 1, 0
1635345767002, 44.77, 200, IEXG, 44.86, 300, IEXG, 44.824, 2, XADF, 45160, 2.03852e+06, 45.14, 500, 3, 500, 3, 1, 1, 0, 1, 0, 0
1635345778031, 44.78, 200, XNAS, 44.86, 100, BATS, 44.82, 1, XNAS, 45161, 2.03857e+06, 45.14, 300, 2, 400, 4, 1, 0, 1, 0, 0, 0
1635345778050, 44.8, 100, XNAS, 44.86, 100, BATS, 44.85, 75, IEXG, 45236, 2.04193e+06, 45.1395, 200, 2, 400, 4, 1, 0, 0, 1, 0, 0
1635345778076, 44.8, 100, XNAS, 44.86, 100, BATS, 44.85, 100, XNAS, 45336, 2.04642e+06, 45.1389, 200, 2, 400, 4, 0, 1, 0, 1, 0, 0
1635345778283, 44.8, 100, XNAS, 44.86, 100, BATS, 44.86, 3, XADF, 45339, 2.04655e+06, 45.1389, 200, 2, 200, 2, 1, 1, 0, 1, 0, 0
1635345815830, 44.79, 200, XCHI, 44.86, 100, BATS, 44.8, 1, XNAS, 45340, 2.0466e+06, 45.1389, 200, 1, 200, 2, 1, 0, 0, 0, 1, 0
1635345815830, 44.79, 200, XCHI, 44.86, 100, BATS, 44.82, 1, XBOS, 45341, 2.04664e+06, 45.1389, 200, 1, 200, 2, 1, 0, 0, 0, 1, 0
1635345829413, 44.77, 200, XCHI, 44.84, 100, XNAS, 44.79, 1, EDGX, 45342, 2.04669e+06, 45.1389, 400, 2, 100, 1, 1, 0, 0, 0, 1, 0
1635345829415, 44.77, 200, XCHI, 44.85, 100, XNAS, 44.79, 4, XADF, 45346, 2.04687e+06, 45.1388, 200, 1, 200, 2, 1, 1, 0, 0, 1, 0
1635345858689, 44.78, 100, XNAS, 44.85, 100, XNAS, 44.815, 42, XADF, 45388, 2.04875e+06, 45.1385, 200, 2, 100, 1, 1, 1, 1, 0, 0, 0
1635345858690, 44.78, 300, XNAS, 44.85, 100, XNAS, 44.815, 8, XADF, 45396, 2.04911e+06, 45.1385, 400, 2, 100, 1, 1, 1, 1, 0, 0, 0
1635345866848, 44.78, 200, XNAS, 44.85, 100, XNAS, 44.84, 100, XNAS, 45496, 2.05359e+06, 45.1378, 300, 2, 200, 2, 0, 1, 0, 1, 0, 0
1635345866848, 44.78, 200, XNAS, 44.85, 100, EDGA, 44.85, 100, XNAS, 45596, 2.05807e+06, 45.1372, 300, 2, 100, 1, 0, 1, 0, 1, 0, 0
1635345866848, 44.8, 200, XNAS, 44.87, 100, XNAS, 44.85, 6, BATS, 45602, 2.05834e+06, 45.1371, 200, 1, 100, 1, 1, 0, 0, 1, 0, 0
1635345866848, 44.8, 200, XNAS, 44.88, 100, XNAS, 44.85, 90, EDGX, 45692, 2.06238e+06, 45.1366, 200, 1, 100, 1, 1, 0, 0, 1, 0, 0
1635345866848, 44.8, 200, XNAS, 44.88, 100, XNAS, 44.85, 1, ARCX, 45693, 2.06243e+06, 45.1366, 200, 1, 100, 1, 1, 0, 0, 1, 0, 0
1635345866848, 44.8, 200, XNAS, 44.88, 100, XNAS, 44.85, 6, BATS, 45699, 2.06269e+06, 45.1365, 200, 1, 100, 1, 1, 0, 0, 1, 0, 0
1635345866848, 44.82, 100, ARCX, 44.88, 100, XNAS, 44.86, 1, XNAS, 45700, 2.06274e+06, 45.1365, 100, 1, 100, 1, 1, 0, 0, 1, 0, 0
1635345866848, 44.84, 100, XNAS, 44.88, 100, XNAS, 44.86, 67, BATS, 45767, 2.06574e+06, 45.1361, 100, 1, 100, 1, 1, 0, 1, 0, 0, 0
1635345896851, 44.85, 100, XNAS, 44.91, 100, XNAS, 44.89, 2, ARCX, 45769, 2.06583e+06, 45.1361, 100, 1, 100, 1, 1, 0, 0, 1, 0, 0
1635345910265, 44.8, 100, XNYS, 44.92, 200, XNAS, 44.885, 100, XNAS, 45869, 2.07032e+06, 45.1356, 200, 2, 300, 2, 0, 1, 0, 1, 0, 0
1635345910265, 44.8, 100, XNYS, 44.92, 200, XNAS, 44.85, 100, XNAS, 45969, 2.07481e+06, 45.1349, 200, 2, 300, 2, 0, 1, 0, 0, 1, 0
1635345926851, 44.81, 100, XNAS, 44.89, 300, IEXG, 44.85, 2, XNAS, 45971, 2.0749e+06, 45.1349, 100, 1, 400, 2, 1, 0, 1, 0, 0, 0
1635345933069, 44.79, 100, EDGA, 44.87, 100, IEXG, 44.87, 1, XADF, 45972, 2.07494e+06, 45.1349, 100, 1, 400, 4, 1, 1, 0, 1, 0, 0
1635345933069, 44.79, 100, EDGA, 44.87, 100, IEXG, 44.86, 2, XADF, 45974, 2.07503e+06, 45.1349, 100, 1, 400, 4, 1, 1, 0, 1, 0, 0
1635345976839, 44.78, 200, XCHI, 44.86, 200, XCHI, 44.8, 1, XNAS, 45975, 2.07508e+06, 45.1349, 200, 1, 700, 4, 1, 0, 0, 0, 1, 0
1635345976884, 44.76, 200, XCHI, 44.85, 100, XNAS, 44.805, 100, XADF, 46075, 2.07956e+06, 45.1342, 500, 3, 100, 1, 0, 1, 1, 0, 0, 0
1635345987768, 44.76, 200, XCHI, 44.85, 300, XNAS, 44.805, 4, XADF, 46079, 2.07974e+06, 45.1342, 500, 3, 600, 3, 1, 1, 1, 0, 0, 0
1635346004712, 44.77, 200, XCHI, 44.85, 200, XNAS, 44.77, 50, XADF, 46129, 2.08198e+06, 45.1338, 500, 3, 300, 2, 1, 1, 0, 0, 1, 0
1635346017336, 44.77, 200, XCHI, 44.85, 200, XNAS, 44.85, 1, XADF, 46130, 2.08202e+06, 45.1338, 600, 4, 400, 3, 1, 1, 0, 1, 0, 0
1635346017349, 44.77, 200, XCHI, 44.85, 200, XNAS, 44.77, 1, XADF, 46131, 2.08207e+06, 45.1338, 600, 4, 400, 3, 1, 1, 0, 0, 1, 0
1635346027745, 44.8, 100, XNAS, 44.85, 100, XNAS, 44.8372, 8, XADF, 46139, 2.08242e+06, 45.1337, 200, 2, 100, 1, 1, 1, 0, 1, 0, 0
1635346039605, 44.8, 100, XNAS, 44.85, 100, XNAS, 44.8, 2, EDGA, 46141, 2.08251e+06, 45.1337, 100, 1, 100, 1, 1, 0, 0, 0, 1, 0
1635346052124, 44.8, 100, XNAS, 44.85, 100, XNAS, 44.85, 152, XADF, 46293, 2.08933e+06, 45.1328, 300, 3, 100, 1, 0, 1, 0, 1, 0, 0
1635346054098, 44.8, 100, XCHI, 44.88, 200, IEXG, 44.85, 100, XNAS, 46393, 2.09382e+06, 45.1321, 300, 3, 300, 2, 0, 1, 0, 1, 0, 0
1635346054098, 44.84, 100, XNAS, 44.88, 200, IEXG, 44.85, 4, BATS, 46397, 2.09399e+06, 45.1321, 100, 1, 300, 2, 1, 0, 0, 0, 1, 0
1635346054098, 44.84, 100, XNAS, 44.88, 200, IEXG, 44.85, 10, EDGX, 46407, 2.09444e+06, 45.1321, 100, 1, 300, 2, 1, 0, 0, 0, 1, 0
1635346054098, 44.84, 100, XNAS, 44.88, 200, IEXG, 44.86, 2, XNAS, 46409, 2.09453e+06, 45.132, 100, 1, 200, 1, 1, 0, 1, 0, 0, 0
1635346054098, 44.84, 100, XNAS, 44.88, 200, IEXG, 44.85, 1, ARCX, 46410, 2.09458e+06, 45.132, 100, 1, 200, 1, 1, 0, 0, 0, 1, 0
1635346054098, 44.84, 100, XNAS, 44.88, 200, IEXG, 44.86, 75, BATS, 46485, 2.09794e+06, 45.1316, 100, 1, 200, 1, 1, 0, 1, 0, 0, 0
1635346057408, 44.84, 200, XCHI, 44.91, 200, XNAS, 44.87, 1, XNAS, 46486, 2.09799e+06, 45.1316, 400, 3, 400, 2, 1, 0, 0, 0, 1, 0
1635346057408, 44.84, 200, XCHI, 44.91, 200, XNAS, 44.87, 2, XPSX, 46488, 2.09808e+06, 45.1316, 400, 3, 400, 2, 1, 0, 0, 0, 1, 0
1635346065956, 44.81, 200, XCHI, 44.89, 100, IEXG, 44.8101, 6, XADF, 46494, 2.09835e+06, 45.1315, 300, 2, 100, 1, 1, 1, 0, 0, 1, 0
1635346114144, 44.83, 200, XCHI, 44.92, 100, XNAS, 44.875, 5, XADF, 46499, 2.09857e+06, 45.1315, 400, 3, 200, 2, 1, 1, 1, 0, 0, 0
1635346137300, 44.84, 100, IEXG, 44.91, 100, XNAS, 44.92, 2, XADF, 46501, 2.09866e+06, 45.1315, 100, 1, 100, 1, 1, 1, 0, 1, 0, 1
1635346161032, 44.84, 100, IEXG, 44.91, 100, XNAS, 44.88, 1, XNAS, 46502, 2.09871e+06, 45.1315, 100, 1, 100, 1, 1, 0, 0, 1, 0, 0
1635346170693, 44.86, 200, XCHI, 44.93, 200, IEXG, 44.8317, 100, XADF, 46502, 2.09871e+06, 45.1315, 300, 2, 500, 3, 0, 1, 0, 0, 1, 1
1635346172017, 44.86, 200, XCHI, 44.93, 200, XCHI, 44.8439, 1, XADF, 46503, 2.09875e+06, 45.1315, 300, 2, 200, 1, 1, 1, 0, 0, 1, 1
1635346192772, 44.86, 200, XCHI, 44.93, 100, XNAS, 44.89, 1, XNAS, 46504, 2.09879e+06, 45.1315, 300, 2, 100, 1, 1, 0, 0, 0, 1, 0
1635346197191, 44.84, 400, XNAS, 44.92, 100, XNAS, 44.84, 10, XADF, 46514, 2.09924e+06, 45.1314, 800, 2, 200, 2, 1, 1, 0, 0, 1, 0
1635346219097, 44.84, 400, XNAS, 44.93, 200, XCHI, 44.93, 1, XADF, 46515, 2.09929e+06, 45.1314, 700, 3, 500, 3, 1, 1, 0, 1, 0, 0
1635346230486, 44.84, 300, XNAS, 44.93, 200, XNAS, 44.885, 30, XADF, 46545, 2.10063e+06, 45.1313, 700, 3, 300, 2, 1, 1, 1, 0, 0, 0
1635346257193, 44.84, 300, XNAS, 44.93, 300, XNAS, 44.93, 2, XADF, 46547, 2.10072e+06, 45.1313, 300, 1, 300, 1, 1, 1, 0, 1, 0, 0
1635346258027, 44.84, 300, XNAS, 44.93, 300, XNAS, 44.89, 1, XNAS, 46548, 2.10077e+06, 45.1313, 300, 1, 400, 2, 1, 0, 0, 1, 0, 0
1635346289399, 44.86, 300, IEXG, 44.93, 100, XNAS, 44.93, 132, XADF, 46680, 2.1067e+06, 45.1307, 800, 3, 100, 1, 0, 1, 0, 1, 0, 0
1635346317246, 44.86, 100, XNAS, 44.93, 100, XNAS, 44.93, 1, XADF, 46681, 2.10675e+06, 45.1307, 300, 3, 200, 2, 1, 1, 0, 1, 0, 0
1635346336043, 44.82, 200, XNAS, 44.89, 100, XNAS, 44.89, 1, XADF, 46682, 2.10679e+06, 45.1307, 500, 3, 200, 2, 1, 1, 0, 1, 0, 0
1635346336044, 44.82, 200, XNAS, 44.89, 100, XNAS, 44.89, 98, XADF, 46780, 2.11119e+06, 45.1302, 500, 3, 200, 2, 1, 1, 0, 1, 0, 0
1635346336044, 44.82, 200, XNAS, 44.89, 100, XNAS, 44.89, 1, XADF, 46781, 2.11123e+06, 45.1302, 500, 3, 200, 2, 1, 1, 0, 1, 0, 0
1635346341518, 44.83, 100, IEXG, 44.89, 100, ARCX, 44.89, 100, XADF, 46881, 2.11572e+06, 45.1297, 200, 2, 400, 4, 0, 1, 0, 1, 0, 0
1635346353029, 44.83, 100, IEXG, 44.89, 200, BATY, 44.86, 1, BATS, 46882, 2.11577e+06, 45.1296, 300, 3, 400, 3, 1, 0, 1, 0, 0, 0
1635346377219, 44.83, 300, IEXG, 44.89, 200, BATY, 44.86, 100, XADF, 46982, 2.12025e+06, 45.1291, 300, 1, 200, 1, 0, 1, 1, 0, 0, 0
1635346407011, 44.83, 100, IEXG, 44.88, 100, XNAS, 44.85, 2, XNAS, 46984, 2.12034e+06, 45.1291, 100, 1, 200, 2, 1, 0, 0, 0, 1, 0
1635346415646, 44.83, 100, IEXG, 44.89, 100, BATY, 44.855, 200, XADF, 47184, 2.12931e+06, 45.1279, 100, 1, 300, 3, 0, 1, 0, 0, 1, 0
1635346445782, 44.82, 200, XNAS, 44.89, 300, IEXG, 44.855, 98, EDGX, 47282, 2.13371e+06, 45.1273, 300, 2, 800, 4, 1, 0, 1, 0, 0, 0
1635346445783, 44.82, 100, XNAS, 44.89, 300, IEXG, 44.88, 1, XCIS, 47283, 2.13376e+06, 45.1273, 200, 2, 700, 4, 1, 0, 0, 1, 0, 0
1635346445784, 44.82, 100, XNAS, 44.89, 300, IEXG, 44.88, 2, IEXG, 47285, 2.13385e+06, 45.1273, 200, 2, 700, 4, 1, 0, 0, 1, 0, 0
1635346468066, 44.82, 200, XCHI, 44.89, 200, IEXG, 44.86, 1, XNAS, 47286, 2.13389e+06, 45.1273, 300, 2, 700, 5, 1, 0, 0, 1, 0, 0
1635346479574, 44.82, 200, XCHI, 44.89, 100, BATY, 44.85, 2, ARCX, 47288, 2.13398e+06, 45.1273, 300, 2, 400, 4, 1, 0, 0, 0, 1, 0
1635346485563, 44.82, 200, XCHI, 44.89, 200, XNAS, 44.85, 1, XNAS, 47289, 2.13402e+06, 45.1273, 300, 2, 400, 3, 1, 0, 0, 0, 1, 0
1635346492237, 44.82, 100, IEXG, 44.89, 200, XNAS, 44.8786, 2, XADF, 47291, 2.13411e+06, 45.1273, 100, 1, 300, 2, 1, 1, 0, 1, 0, 0
1635346497170, 44.82, 300, IEXG, 44.89, 100, BATY, 44.88, 1, ARCX, 47292, 2.13416e+06, 45.1273, 300, 1, 100, 1, 1, 0, 0, 1, 0, 0
1635346497177, 44.84, 300, XNAS, 44.92, 100, XNAS, 44.89, 59, BATY, 47351, 2.13681e+06, 45.127, 700, 3, 200, 2, 1, 0, 0, 1, 0, 0
1635346497177, 44.84, 300, XNAS, 44.92, 100, XNAS, 44.89, 43, BATY, 47394, 2.13874e+06, 45.1268, 700, 3, 200, 2, 1, 0, 0, 1, 0, 0
1635346497177, 44.84, 300, XNAS, 44.92, 100, XNAS, 44.89, 40, BATY, 47434, 2.14053e+06, 45.1266, 700, 3, 200, 2, 1, 0, 0, 1, 0, 0
1635346497177, 44.86, 100, XNAS, 44.92, 100, ARCX, 44.89, 84, ARCX, 47518, 2.1443e+06, 45.1261, 100, 1, 100, 1, 1, 0, 1, 0, 0, 0
1635346497179, 44.86, 300, IEXG, 44.92, 100, ARCX, 44.89, 65, XNAS, 47583, 2.14722e+06, 45.1258, 400, 2, 100, 1, 1, 0, 1, 0, 0, 0
1635346497179, 44.86, 300, IEXG, 44.92, 100, ARCX, 44.91, 1, BATY, 47584, 2.14727e+06, 45.1258, 400, 2, 200, 2, 1, 0, 0, 1, 0, 0
1635346528787, 44.87, 100, IEXG, 44.92, 100, ARCX, 44.92, 1, XNAS, 47585, 2.14731e+06, 45.1258, 300, 3, 100, 1, 1, 0, 0, 1, 0, 0
1635346528788, 44.89, 100, BATS, 44.92, 100, ARCX, 44.92, 100, ARCX, 47685, 2.1518e+06, 45.1254, 100, 1, 100, 1, 0, 0, 0, 1, 0, 0
1635346557234, 44.89, 100, BATS, 44.96, 300, XNAS, 44.96, 1, XADF, 47686, 2.15185e+06, 45.1254, 300, 3, 300, 1, 1, 1, 0, 1, 0, 0
1635346559366, 44.89, 200, EDGA, 44.96, 200, XNAS, 44.8853, 100, XADF, 47686, 2.15185e+06, 45.1254, 400, 3, 200, 1, 0, 1, 0, 0, 1, 1
1635346562915, 44.89, 100, EDGA, 44.94, 100, EDGA, 44.89, 72, XNAS, 47758, 2.15508e+06, 45.125, 100, 1, 200, 2, 1, 0, 0, 0, 1, 0
1635346562915, 44.89, 100, EDGA, 44.94, 100, EDGA, 44.89, 1, XNAS, 47759, 2.15513e+06, 45.125, 100, 1, 200, 2, 1, 0, 0, 0, 1, 0
1635346562915, 44.89, 100, EDGA, 44.94, 100, EDGA, 44.89, 92, XNAS, 47851, 2.15926e+06, 45.1246, 100, 1, 200, 2, 1, 0, 0, 0, 1, 0
1635346562915, 44.86, 100, ARCX, 44.93, 400, XNAS, 44.89, 88, EDGA, 47939, 2.16321e+06, 45.1241, 100, 1, 400, 1, 1, 0, 0, 0, 1, 0
1635346562915, 44.86, 100, ARCX, 44.93, 300, XNAS, 44.89, 3, EDGA, 47942, 2.16334e+06, 45.1241, 100, 1, 300, 1, 1, 0, 0, 0, 1, 0
1635346562915, 44.86, 100, ARCX, 44.93, 300, XNAS, 44.89, 9, EDGA, 47951, 2.16374e+06, 45.1241, 100, 1, 300, 1, 1, 0, 0, 0, 1, 0
1635346588026, 44.87, 200, XNAS, 44.95, 400, XNAS, 44.91, 1, XNAS, 47952, 2.16379e+06, 45.1241, 200, 1, 900, 3, 1, 0, 1, 0, 0, 0
1635346598211, 44.87, 100, XNAS, 44.95, 600, XNAS, 44.87, 178, XADF, 48130, 2.17178e+06, 45.1231, 100, 1, 700, 2, 0, 1, 0, 0, 1, 0
1635346598211, 44.86, 100, XNAS, 44.94, 300, MEMX, 44.87, 100, XNAS, 48230, 2.17626e+06, 45.1226, 100, 1, 300, 1, 0, 1, 0, 0, 1, 0
1635346598211, 44.85, 100, XNAS, 44.94, 300, MEMX, 44.87, 11, XNAS, 48241, 2.17676e+06, 45.1226, 100, 1, 400, 2, 1, 0, 0, 0, 1, 0
1635346598211, 44.85, 100, XNAS, 44.94, 300, MEMX, 44.87, 89, XNAS, 48330, 2.18075e+06, 45.1221, 100, 1, 400, 2, 1, 0, 0, 0, 1, 0
1635346598211, 44.85, 100, XNAS, 44.91, 100, XNAS, 44.87, 71, BATS, 48401, 2.18394e+06, 45.1217, 100, 1, 100, 1, 1, 0, 0, 0, 1, 0
1635346636916, 44.82, 200, XNAS, 44.91, 300, IEXG, 44.84, 29, XNAS, 48430, 2.18524e+06, 45.1216, 200, 1, 400, 2, 1, 0, 0, 0, 1, 0
1635346636916, 44.82, 200, XNAS, 44.91, 300, IEXG, 44.84, 71, XNAS, 48501, 2.18842e+06, 45.1211, 200, 1, 400, 2, 1, 0, 0, 0, 1, 0
1635346636916, 44.82, 100, XNAS, 44.91, 300, IEXG, 44.84, 100, XNAS, 48601, 2.1929e+06, 45.1206, 100, 1, 400, 2, 0, 1, 0, 0, 1, 0
1635346636917, 44.82, 100, XNAS, 44.91, 300, IEXG, 44.84, 1, IEXG, 48602, 2.19295e+06, 45.1206, 100, 1, 400, 2, 1, 0, 0, 0, 1, 0
1635346648320, 44.82, 100, XNAS, 44.89, 200, XCHI, 44.83, 1, XNAS, 48603, 2.19299e+06, 45.1205, 100, 1, 500, 3, 1, 0, 0, 0, 1, 0
1635346648320, 44.82, 100, XNAS, 44.89, 200, XCHI, 44.83, 1, XNAS, 48604, 2.19304e+06, 45.1205, 100, 1, 500, 3, 1, 0, 0, 0, 1, 0
1635346655027, 44.79, 100, XNAS, 44.86, 100, IEXG, 44.82, 100, XNAS, 48704, 2.19752e+06, 45.1199, 100, 1, 100, 1, 0, 1, 0, 0, 1, 0
1635346672355, 44.79, 200, XCHI, 44.86, 200, XCHI, 44.84, 1, XNAS, 48705, 2.19757e+06, 45.1199, 500, 3, 300, 2, 1, 0, 0, 1, 0, 0
1635346672371, 44.82, 100, XNAS, 44.88, 200, XNAS, 44.82, 1, BATS, 48706, 2.19761e+06, 45.1199, 100, 1, 400, 2, 1, 0, 0, 0, 1, 0
1635346672371, 44.82, 100, XNAS, 44.88, 200, XNAS, 44.84, 1, XNAS, 48707, 2.19766e+06, 45.1199, 100, 1, 400, 2, 1, 0, 0, 0, 1, 0
1635346672373, 44.83, 200, XNAS, 44.88, 200, XCHI, 44.85, 93, XNAS, 48800, 2.20183e+06, 45.1194, 200, 1, 300, 2, 1, 0, 0, 0, 1, 0
1635346672373, 44.84, 100, XNAS, 44.88, 200, XCHI, 44.86, 1, ARCX, 48801, 2.20187e+06, 45.1194, 100, 1, 300, 2, 1, 0, 1, 0, 0, 0
1635346672374, 44.84, 100, XNAS, 44.88, 200, XCHI, 44.86, 1, BATS, 48802, 2.20192e+06, 45.1194, 100, 1, 300, 2, 1, 0, 1, 0, 0, 0
1635346672387, 44.83, 200, XNAS, 44.88, 100, BATS, 44.85, 99, BATS, 48901, 2.20636e+06, 45.1188, 200, 1, 100, 1, 1, 0, 0, 0, 1, 0
1635346698018, 44.82, 300, IEXG, 44.89, 100, XNAS, 44.855, 20, IEXG, 48921, 2.20725e+06, 45.1187, 400, 2, 300, 3, 1, 0, 1, 0, 0, 0
1635346699402, 44.82, 300, IEXG, 44.89, 300, XNAS, 44.89, 100, XADF, 49021, 2.21174e+06, 45.1183, 400, 2, 600, 4, 0, 1, 0, 1, 0, 0
1635346703289, 44.83, 200, BATS, 44.92, 200, XCHI, 44.89, 21, BATY, 49042, 2.21269e+06, 45.1182, 600, 3, 500, 3, 1, 0, 0, 1, 0, 0
1635346737200, 44.87, 100, IEXG, 44.92, 200, XNAS, 44.91, 100, XNAS, 49142, 2.21718e+06, 45.1177, 100, 1, 200, 1, 0, 1, 0, 1, 0, 0
1635346737216, 44.88, 200, XNAS, 44.92, 200, XNAS, 44.91, 3, XNAS, 49145, 2.21731e+06, 45.1177, 300, 2, 200, 1, 1, 0, 0, 1, 0, 0
1635346737217, 44.9, 100, EDGX, 44.92, 200, XNAS, 44.92, 100, XNAS, 49245, 2.2218e+06, 45.1173, 100, 1, 200, 1, 0, 0, 0, 1, 0, 0
1635346737217, 44.9, 100, EDGX, 44.93, 100, ARCX, 44.92, 100, XNAS, 49345, 2.22629e+06, 45.1169, 100, 1, 200, 2, 0, 1, 0, 1, 0, 0
1635346737217, 44.9, 100, EDGX, 44.93, 100, ARCX, 44.92, 57, BATS, 49402, 2.22886e+06, 45.1167, 300, 3, 200, 2, 1, 0, 0, 1, 0, 0
1635346737217, 44.9, 200, BATS, 44.93, 100, ARCX, 44.93, 99, XNAS, 49501, 2.2333e+06, 45.1163, 400, 3, 100, 1, 1, 0, 0, 1, 0, 0
1635346737217, 44.91, 100, XNAS, 44.93, 100, ARCX, 44.93, 1, XNAS, 49502, 2.23335e+06, 45.1163, 100, 1, 100, 1, 1, 0, 0, 1, 0, 0
1635346737217, 44.91, 100, XNAS, 44.93, 100, ARCX, 44.93, 99, XNAS, 49601, 2.2378e+06, 45.116, 100, 1, 100, 1, 1, 0, 0, 1, 0, 0
1635346737217, 44.92, 100, XNAS, 44.93, 100, ARCX, 44.93, 1, BATS, 49602, 2.23784e+06, 45.1159, 100, 1, 100, 1, 1, 0, 0, 1, 0, 0
1635346737217, 44.92, 100, XNAS, 44.93, 100, ARCX, 44.93, 100, XNAS, 49702, 2.24233e+06, 45.1156, 100, 1, 100, 1, 0, 1, 0, 1, 0, 0
1635346737217, 44.92, 100, XNAS, 44.93, 100, ARCX, 44.93, 100, XNAS, 49802, 2.24683e+06, 45.1152, 100, 1, 100, 1, 0, 1, 0, 1, 0, 0
1635346737217, 44.92, 200, XNAS, 44.93, 100, ARCX, 44.93, 26, XNAS, 49828, 2.248e+06, 45.1151, 200, 1, 100, 1, 1, 0, 0, 1, 0, 0
1635346737218, 44.93, 200, XNAS, 44.97, 100, XNAS, 44.93, 100, ARCX, 49928, 2.25249e+06, 45.1147, 200, 1, 100, 1, 0, 1, 0, 0, 1, 0
1635346758928, 44.9, 300, IEXG, 44.96, 100, XNAS, 44.96, 100, XADF, 50029, 2.25703e+06, 45.1144, 300, 1, 100, 1, 0, 1, 0, 1, 0, 0
1635346760343, 44.9, 300, IEXG, 44.95, 100, XNAS, 44.95, 1, XADF, 50030, 2.25707e+06, 45.1144, 300, 1, 100, 1, 1, 1, 0, 1, 0, 0
1635346760469, 44.9, 300, IEXG, 44.95, 100, XNAS, 44.95, 1, XADF, 50031, 2.25712e+06, 45.1144, 300, 1, 100, 1, 1, 1, 0, 1, 0, 0
1635346787681, 44.9, 300, IEXG, 44.97, 100, IEXG, 44.935, 100, XADF, 50131, 2.26161e+06, 45.1141, 400, 2, 200, 2, 0, 1, 1, 0, 0, 0
1635346795556, 44.9, 300, IEXG, 44.97, 100, IEXG, 44.935, 100, XADF, 50231, 2.26611e+06, 45.1137, 400, 2, 200, 2, 0, 1, 1, 0, 0, 0
1635346795991, 44.9, 300, IEXG, 44.97, 100, IEXG, 44.97, 4, XADF, 50235, 2.26629e+06, 45.1137, 400, 2, 200, 2, 1, 1, 0, 1, 0, 0
1635346797219, 44.9, 300, IEXG, 44.97, 100, IEXG, 44.97, 1, XADF, 50236, 2.26633e+06, 45.1137, 300, 1, 200, 2, 1, 1, 0, 1, 0, 0
1635346821276, 44.91, 300, IEXG, 44.99, 200, XNAS, 44.97, 24, XNAS, 50260, 2.26741e+06, 45.1136, 400, 2, 300, 2, 1, 0, 0, 1, 0, 0
1635346821276, 44.91, 300, IEXG, 44.99, 200, XNAS, 44.97, 72, XNAS, 50332, 2.27065e+06, 45.1134, 400, 2, 300, 2, 1, 0, 0, 1, 0, 0
1635346821276, 44.92, 200, XNAS, 44.99, 200, XNAS, 44.98, 68, XNAS, 50400, 2.27371e+06, 45.1132, 200, 1, 300, 2, 1, 0, 0, 1, 0, 0
1635346821276, 44.93, 100, XNAS, 44.99, 200, XNAS, 44.98, 30, BATS, 50430, 2.27506e+06, 45.1132, 100, 1, 300, 2, 1, 0, 0, 1, 0, 0
1635346821276, 44.93, 200, XNAS, 44.99, 100, XNYS, 44.99, 32, XNAS, 50462, 2.2765e+06, 45.1131, 200, 1, 200, 2, 1, 0, 0, 1, 0, 0
1635346821276, 44.93, 200, XNAS, 44.99, 100, XNYS, 44.98, 32, BATS, 50494, 2.27794e+06, 45.113, 200, 1, 200, 2, 1, 0, 0, 1, 0, 0
1635346821276, 44.93, 200, XNAS, 44.99, 100, XNYS, 44.98, 12, BATS, 50506, 2.27848e+06, 45.113, 200, 1, 200, 2, 1, 0, 0, 1, 0, 0
1635346821276, 44.93, 200, XNAS, 44.99, 100, XNYS, 44.98, 1, BATS, 50507, 2.27852e+06, 45.113, 200, 1, 200, 2, 1, 0, 0, 1, 0, 0
1635346821928, 44.94, 100, XNAS, 44.99, 200, XNAS, 44.965, 100, XADF, 50607, 2.28302e+06, 45.1127, 200, 2, 300, 2, 0, 1, 1, 0, 0, 0
1635346821936, 44.94, 100, XNAS, 44.99, 200, XNAS, 44.965, 100, XADF, 50707, 2.28751e+06, 45.1124, 100, 1, 300, 2, 0, 1, 1, 0, 0, 0
1635346821947, 44.94, 100, XNAS, 44.99, 200, XNAS, 44.965, 100, XADF, 50807, 2.29201e+06, 45.1121, 100, 1, 300, 2, 0, 1, 1, 0, 0, 0
1635346822882, 44.94, 100, MEMX, 44.99, 100, XNYS, 44.99, 100, XNAS, 50907, 2.29651e+06, 45.1118, 200, 2, 100, 1, 0, 1, 0, 1, 0, 0
1635346822882, 44.94, 100, MEMX, 44.99, 100, XNYS, 44.99, 100, XNAS, 51007, 2.30101e+06, 45.1116, 200, 2, 100, 1, 0, 1, 0, 1, 0, 0
1635346822882, 44.95, 300, XNAS, 44.99, 100, XNYS, 44.99, 3, XNYS, 51010, 2.30114e+06, 45.1116, 300, 1, 100, 1, 1, 0, 0, 1, 0, 0
1635346822882, 44.95, 300, XNAS, 45.01, 100, XNAS, 44.99, 97, XNYS, 51107, 2.30551e+06, 45.1114, 300, 1, 100, 1, 1, 0, 0, 1, 0, 0
1635346822907, 44.96, 300, IEXG, 45.01, 100, XNAS, 45, 50, XNAS, 51157, 2.30776e+06, 45.1113, 300, 1, 100, 1, 1, 0, 0, 1, 0, 0
1635346825608, 44.97, 100, IEXG, 45.03, 100, XNAS, 45.01, 50, XNAS, 51207, 2.31001e+06, 45.1112, 300, 3, 100, 1, 1, 0, 0, 1, 0, 0
1635346828019, 44.99, 100, XNAS, 45.06, 300, XNAS, 45.02, 1, XNAS, 51208, 2.31005e+06, 45.1112, 100, 1, 700, 3, 1, 0, 0, 0, 1, 0
1635346828019, 44.99, 100, XNAS, 45.06, 200, XCHI, 45.02, 49, XNAS, 51257, 2.31226e+06, 45.1111, 100, 1, 600, 3, 1, 0, 0, 0, 1, 0
1635346855466, 45, 100, XNAS, 45.03, 100, EDGA, 45.015, 100, XADF, 51357, 2.31676e+06, 45.1109, 100, 1, 200, 2, 0, 1, 1, 0, 0, 0
1635346880600, 45, 100, XNAS, 45.06, 100, XNAS, 45, 2, XADF, 51359, 2.31685e+06, 45.1109, 300, 3, 200, 2, 1, 1, 0, 0, 1, 0
1635346887026, 45, 100, XCHI, 45.06, 200, XNAS, 45.03, 1, ARCX, 51360, 2.31689e+06, 45.1109, 100, 1, 300, 2, 1, 0, 1, 0, 0, 0
1635346911348, 44.99, 100, EDGA, 45.07, 400, XNAS, 45, 1, XNAS, 51361, 2.31694e+06, 45.1109, 200, 2, 500, 2, 1, 0, 0, 0, 1, 0
1635346911348, 44.99, 100, EDGA, 45.07, 400, XNAS, 45, 2, ARCX, 51363, 2.31703e+06, 45.1109, 200, 2, 500, 2, 1, 0, 0, 0, 1, 0
1635346911348, 44.99, 100, EDGA, 45.07, 400, XNAS, 45, 4, ARCX, 51367, 2.31721e+06, 45.1109, 200, 2, 500, 2, 1, 0, 0, 0, 1, 0
1635346911348, 44.99, 100, EDGA, 45.07, 400, XNAS, 45, 26, BATS, 51393, 2.31838e+06, 45.1108, 200, 2, 500, 2, 1, 0, 0, 0, 1, 0
1635346911351, 44.97, 100, XCHI, 45.03, 100, EDGA, 44.99, 17, BATS, 51410, 2.31914e+06, 45.1108, 300, 3, 100, 1, 1, 0, 0, 0, 1, 0
