timestamp, bid_price, bid_size, bid_exchange, ask_price, ask_size, ask_exchange, trade_price, trade_size, trade_exchange, volume, notional_volume, vwap, nbb_agg_size, nbb_no_of_exchange, nbo_agg_size, nbo_no_of_exchange, is_odd_lot, is_hidden_order, is_mid_order, is_buy_order, is_sell_order, is_trade_through 
1635341402200, 79.97, 200, IEXG, 82.01, 100, XNAS, 80, 3, XNAS, 5111, 408829, 79.99, 400, 2, 100, 1, 1, 0, 0, 0, 1, 0
1635341402201, 79.97, 200, IEXG, 82.01, 100, XNAS, 80.51, 3, IEXG, 5114, 409070, 79.9903, 400, 2, 100, 1, 1, 0, 0, 0, 1, 0
1635341402201, 79.97, 200, IEXG, 82.01, 100, XNAS, 80.49, 3, IEXG, 5117, 409312, 79.9906, 400, 2, 100, 1, 1, 0, 0, 0, 1, 0
1635341402201, 79.97, 200, IEXG, 82.01, 100, XNAS, 80.48, 4, IEXG, 5121, 409634, 79.991, 400, 2, 100, 1, 1, 0, 0, 0, 1, 0
1635341402202, 79.97, 200, XNAS, 82.01, 200, XCHI, 79.97, 100, IEXG, 5221, 417631, 79.9906, 300, 2, 300, 2, 0, 0, 0, 0, 1, 0
1635341415358, 80.02, 200, XNAS, 80.57, 100, ARCX, 80.295, 45, XADF, 5269, 421487, 79.9938, 300, 2, 100, 1, 1, 1, 1, 0, 0, 0
1635341448702, 80.06, 200, IEXG, 80.57, 100, ARCX, 80.52, 1, XADF, 5270, 421568, 79.9939, 500, 4, 200, 2, 1, 1, 0, 1, 0, 0
1635341468587, 80.07, 300, XNAS, 80.57, 100, BATY, 80.57, 1, XADF, 5271, 421649, 79.994, 400, 2, 200, 2, 1, 1, 0, 1, 0, 0
1635341514496, 80.08, 200, XNAS, 80.57, 100, BATY, 80.1661, 80, XADF, 5374, 429915, 79.9991, 400, 3, 200, 2, 1, 1, 0, 0, 1, 0
1635341682822, 80.09, 300, XNAS, 80.5, 300, XNAS, 80.295, 20, XADF, 5394, 431521, 80.0002, 400, 2, 300, 1, 1, 1, 1, 0, 0, 0
1635341694009, 80.09, 400, XNAS, 80.5, 300, XNAS, 80.295, 10, XADF, 5404, 432324, 80.0007, 500, 2, 500, 2, 1, 1, 1, 0, 0, 0
1635341694908, 80.09, 400, XNAS, 80.5, 200, XNAS, 80.45, 39, XADF, 5443, 435461, 80.0039, 600, 2, 500, 3, 1, 1, 0, 1, 0, 0
1635341724056, 80.14, 400, XNAS, 80.5, 100, ARCX, 80.49, 100, XADF, 5543, 443510, 80.0127, 700, 3, 100, 1, 0, 1, 0, 1, 0, 0
1635341737627, 80.23, 400, XNAS, 80.5, 100, ARCX, 80.5, 10, XNAS, 5553, 444315, 80.0136, 700, 3, 100, 1, 1, 0, 0, 1, 0, 0
1635341737627, 80.29, 400, XPSX, 80.5, 100, ARCX, 80.53, 18, XNAS, 5571, 445765, 80.0152, 400, 1, 100, 1, 1, 0, 0, 1, 0, 1
1635341737627, 80.3, 100, XPSX, 80.5, 100, ARCX, 80.5, 1, ARCX, 5572, 445845, 80.0153, 100, 1, 100, 1, 1, 0, 0, 1, 0, 0
1635341737627, 80.3, 100, XPSX, 80.5, 100, ARCX, 80.5, 1, ARCX, 5572, 445845, 80.0153, 100, 1, 100, 1, 1, 0, 0, 1, 0, 0
1635341737627, 80.3, 100, XPSX, 80.5, 100, ARCX, 80.53, 36, XNAS, 5608, 448744, 80.0186, 100, 1, 100, 1, 1, 0, 0, 1, 0, 1
1635341737627, 80.3, 100, XPSX, 80.5, 100, ARCX, 80.53, 18, XNAS, 5626, 450194, 80.0203, 100, 1, 100, 1, 1, 0, 0, 1, 0, 1
1635341737627, 80.3, 100, XPSX, 80.5, 100, ARCX, 80.53, 9, XNAS, 5635, 450919, 80.0211, 100, 1, 100, 1, 1, 0, 0, 1, 0, 1
1635341737627, 80.3, 100, XPSX, 80.5, 100, ARCX, 80.53, 9, XNAS, 5644, 451644, 80.0219, 100, 1, 100, 1, 1, 0, 0, 1, 0, 1
1635341737627, 80.3, 100, XPSX, 80.5, 100, ARCX, 80.5, 10, ARCX, 5654, 452449, 80.0227, 100, 1, 100, 1, 1, 0, 0, 1, 0, 0
1635341737627, 80.3, 100, XPSX, 80.57, 100, BATY, 80.5, 2, ARCX, 5656, 452610, 80.0229, 100, 1, 100, 1, 1, 0, 0, 1, 0, 0
1635341737627, 80.3, 100, XPSX, 80.57, 100, BATY, 80.5, 1, ARCX, 5657, 452690, 80.023, 100, 1, 100, 1, 1, 0, 0, 1, 0, 0
1635341737627, 80.3, 100, XPSX, 80.57, 100, BATY, 80.5, 87, ARCX, 5744, 459694, 80.0302, 100, 1, 100, 1, 1, 0, 0, 1, 0, 0
1635341737627, 80.3, 100, XPSX, 80.57, 100, BATY, 80.53, 4, XNAS, 5748, 460016, 80.0306, 100, 1, 100, 1, 1, 0, 0, 1, 0, 0
1635341737627, 80.3, 100, XPSX, 80.57, 100, BATY, 80.53, 6, XNAS, 5754, 460499, 80.0311, 100, 1, 100, 1, 1, 0, 0, 1, 0, 0
1635341737627, 80.4, 100, XPSX, 80.57, 100, BATY, 80.54, 4, ARCX, 5758, 460821, 80.0314, 100, 1, 100, 1, 1, 0, 0, 1, 0, 0
1635341737628, 80.4, 100, XPSX, 80.57, 100, BATY, 80.54, 1, ARCX, 5759, 460902, 80.0315, 100, 1, 100, 1, 1, 0, 0, 1, 0, 0
1635341744411, 80.38, 200, XNAS, 80.76, 200, XCHI, 80.46, 100, XNAS, 5859, 468948, 80.0388, 300, 2, 600, 4, 0, 1, 0, 0, 1, 0
1635341744411, 80.38, 200, XNAS, 80.76, 200, XCHI, 80.42, 39, XNAS, 5898, 472084, 80.0414, 300, 2, 600, 4, 1, 0, 0, 0, 1, 0
1635341744411, 80.38, 200, XNAS, 80.76, 200, XCHI, 80.41, 61, XNAS, 5959, 476989, 80.0451, 300, 2, 600, 4, 1, 0, 0, 0, 1, 0
1635341744411, 80.38, 200, XNAS, 80.75, 200, XPSX, 80.41, 30, XNAS, 5989, 479401, 80.047, 300, 2, 200, 1, 1, 0, 0, 0, 1, 0
1635341744411, 80.38, 100, XNAS, 80.75, 200, XPSX, 80.38, 100, XNAS, 6089, 487439, 80.0524, 200, 2, 200, 1, 0, 0, 0, 0, 1, 0
1635341744411, 80.38, 100, ARCX, 80.75, 200, XPSX, 80.38, 76, XNAS, 6165, 493548, 80.0565, 100, 1, 200, 1, 1, 0, 0, 0, 1, 0
1635341744411, 80.38, 100, ARCX, 80.75, 200, XPSX, 80.38, 24, XNAS, 6189, 495477, 80.0577, 100, 1, 200, 1, 1, 0, 0, 0, 1, 0
1635341744411, 80.38, 100, ARCX, 80.75, 200, XPSX, 80.38, 5, XNAS, 6194, 495879, 80.058, 200, 2, 200, 1, 1, 0, 0, 0, 1, 0
1635341744411, 80.38, 100, ARCX, 80.75, 200, XPSX, 80.38, 1, XNAS, 6195, 495959, 80.058, 200, 2, 200, 1, 1, 0, 0, 0, 1, 0
1635341744411, 80.38, 100, XNAS, 80.75, 200, XPSX, 80.42, 100, ARCX, 6295, 504001, 80.0638, 100, 1, 200, 1, 0, 1, 0, 0, 1, 0
1635341744411, 80.38, 100, XNAS, 80.75, 200, XPSX, 80.38, 100, ARCX, 6395, 512039, 80.0687, 100, 1, 200, 1, 0, 1, 0, 0, 1, 0
1635341744411, 80.31, 100, ARCX, 80.75, 200, XPSX, 80.35, 1, EDGA, 6396, 512120, 80.0688, 100, 1, 200, 1, 1, 0, 0, 0, 1, 0
1635341744411, 80.31, 100, ARCX, 80.75, 200, XPSX, 80.35, 1, EDGA, 6397, 512200, 80.0688, 100, 1, 200, 1, 1, 0, 0, 0, 1, 0
1635341744411, 80.31, 100, ARCX, 80.75, 200, XPSX, 80.35, 1, EDGA, 6398, 512281, 80.0689, 100, 1, 200, 1, 1, 0, 0, 0, 1, 0
1635341744412, 80.31, 100, ARCX, 80.75, 200, XPSX, 80.37, 22, ARCX, 6420, 514049, 80.0699, 100, 1, 400, 2, 1, 0, 0, 0, 1, 0
1635341744710, 80.23, 500, XNAS, 80.54, 100, IEXG, 80.31, 100, ARCX, 6520, 522080, 80.0736, 500, 1, 100, 1, 0, 1, 0, 0, 1, 0
1635341748008, 80.24, 200, XNAS, 80.54, 100, IEXG, 80.39, 3, XADF, 6523, 522321, 80.0737, 200, 1, 100, 1, 1, 1, 1, 0, 0, 0
1635341748016, 80.24, 200, XNAS, 80.54, 100, IEXG, 80.39, 7, XNAS, 6530, 522884, 80.0741, 200, 1, 100, 1, 1, 0, 1, 0, 0, 0
1635341787492, 80.31, 200, XNAS, 80.54, 100, IEXG, 80.425, 10, XNAS, 6540, 523688, 80.0746, 200, 1, 100, 1, 1, 0, 1, 0, 0, 0
1635341794370, 80.31, 200, XNAS, 80.54, 100, IEXG, 80.31, 12, XNAS, 6552, 524652, 80.075, 200, 1, 100, 1, 1, 0, 0, 0, 1, 0
1635341794370, 80.31, 100, XNAS, 80.54, 100, IEXG, 80.31, 88, XNAS, 6640, 531719, 80.0781, 100, 1, 100, 1, 1, 0, 0, 0, 1, 0
1635341794370, 80.31, 100, XNAS, 80.54, 100, IEXG, 80.31, 12, XNAS, 6652, 532683, 80.0786, 100, 1, 100, 1, 1, 0, 0, 0, 1, 0
1635341794370, 80.02, 100, XNYS, 80.54, 100, IEXG, 80.31, 88, XNAS, 6740, 539750, 80.0816, 400, 4, 100, 1, 1, 0, 0, 1, 0, 0
1635341794370, 80.02, 100, XNYS, 80.54, 100, IEXG, 80.31, 67, XNAS, 6807, 545131, 80.0838, 300, 3, 100, 1, 1, 0, 0, 1, 0, 0
1635341810297, 80.05, 600, XNAS, 80.47, 200, IEXG, 80.26, 33, EDGX, 6840, 547779, 80.0847, 600, 1, 500, 4, 1, 0, 1, 0, 0, 0
1635341810298, 80.05, 500, XNAS, 80.47, 200, IEXG, 80.42, 67, XADF, 6907, 553167, 80.0879, 500, 1, 500, 4, 1, 1, 0, 1, 0, 0
1635341822389, 80.07, 300, XNAS, 80.47, 200, ARCX, 80.27, 66, XNAS, 6973, 558465, 80.0897, 300, 1, 800, 4, 1, 0, 1, 0, 0, 0
1635341838245, 79.95, 100, XASE, 80.47, 200, XNAS, 80.17, 76, XNAS, 7049, 564558, 80.0905, 200, 2, 300, 2, 1, 0, 0, 0, 1, 0
1635341838245, 79.95, 100, XASE, 80.47, 200, XNAS, 80.17, 24, XNAS, 7073, 566482, 80.0908, 200, 2, 300, 2, 1, 0, 0, 0, 1, 0
1635341896537, 79.95, 900, XNAS, 80.46, 200, XNAS, 80.45, 100, XADF, 7173, 574527, 80.0958, 1100, 2, 200, 1, 0, 1, 0, 1, 0, 0
1635341896978, 79.95, 900, XNAS, 80.46, 200, XNAS, 80.07, 76, IEXG, 7249, 580612, 80.0955, 1100, 2, 200, 1, 1, 0, 0, 0, 1, 0
1635341897570, 79.95, 900, XNAS, 80.46, 200, XNAS, 80.205, 100, IEXG, 7349, 588633, 80.097, 1100, 2, 400, 2, 0, 1, 1, 0, 0, 0
1635342023241, 80.02, 300, ARCX, 80.45, 200, XPSX, 80.05, 76, ARCX, 7425, 594717, 80.0965, 300, 1, 200, 1, 1, 0, 0, 0, 1, 0
1635342048968, 80.06, 300, XNAS, 80.45, 300, XNAS, 80.0962, 245, XADF, 7670, 614340, 80.0965, 300, 1, 300, 1, 0, 1, 0, 0, 1, 0
1635342071758, 80.11, 200, ARCX, 80.44, 100, XNAS, 80.4051, 5, XADF, 7675, 614742, 80.0967, 200, 1, 100, 1, 1, 1, 0, 1, 0, 0
1635342072162, 80.13, 500, XNAS, 80.44, 100, XNAS, 80.43, 100, XADF, 7775, 622785, 80.101, 500, 1, 100, 1, 0, 1, 0, 1, 0, 0
1635342080778, 80.14, 200, BATS, 80.44, 100, XNAS, 80.2424, 50, XADF, 7825, 626797, 80.1019, 200, 1, 100, 1, 1, 1, 0, 0, 1, 0
1635342080799, 80.14, 200, BATS, 80.44, 100, XNAS, 80.2424, 50, XADF, 7875, 630810, 80.1028, 200, 1, 100, 1, 1, 1, 0, 0, 1, 0
1635342087369, 80.14, 200, BATS, 80.44, 100, XNAS, 80.17, 76, BATS, 7951, 636903, 80.1034, 200, 1, 100, 1, 1, 0, 0, 0, 1, 0
1635342093812, 80.16, 400, XNAS, 80.44, 100, XNAS, 80.36, 12, XADF, 7963, 637867, 80.1038, 400, 1, 100, 1, 1, 1, 0, 1, 0, 0
1635342114210, 80.17, 100, BATY, 80.44, 100, XNAS, 80.19, 25, XADF, 7988, 639872, 80.1041, 100, 1, 100, 1, 1, 1, 0, 0, 1, 0
1635342126901, 80.21, 500, XNAS, 80.44, 100, XNAS, 80.325, 16, XADF, 8004, 641157, 80.1045, 500, 1, 100, 1, 1, 1, 1, 0, 0, 0
1635342138275, 80.22, 200, ARCX, 80.44, 100, XNAS, 80.33, 1, XADF, 8005, 641237, 80.1046, 200, 1, 100, 1, 1, 1, 1, 0, 0, 0
1635342147702, 80.22, 300, ARCX, 80.44, 100, XNAS, 80.44, 2, XNAS, 8007, 641398, 80.1047, 500, 2, 100, 1, 1, 0, 0, 1, 0, 0
1635342147702, 80.23, 100, XNYS, 80.44, 100, XNAS, 80.44, 100, XNAS, 8107, 649442, 80.1088, 200, 2, 100, 1, 0, 0, 0, 1, 0, 0
1635342147702, 80.23, 200, XNYS, 80.45, 100, XNAS, 80.44, 50, XNAS, 8157, 653464, 80.1108, 300, 2, 100, 1, 1, 0, 0, 1, 0, 0
1635342147702, 80.23, 200, XNYS, 80.45, 100, XNAS, 80.45, 12, XNAS, 8169, 654429, 80.1113, 300, 2, 100, 1, 1, 0, 0, 1, 0, 0
1635342147702, 80.27, 300, XPSX, 80.5, 100, XNAS, 80.33, 14, XNAS, 8183, 655554, 80.1117, 300, 1, 100, 1, 1, 0, 0, 0, 1, 0
1635342147703, 80.27, 300, XPSX, 80.5, 100, XNAS, 80.44, 3, XNAS, 8186, 655795, 80.1118, 300, 1, 100, 1, 1, 0, 0, 1, 0, 0
1635342147703, 80.27, 300, XPSX, 80.5, 100, XNAS, 80.44, 8, XNAS, 8194, 656439, 80.1121, 300, 1, 100, 1, 1, 0, 0, 1, 0, 0
1635342147703, 80.27, 300, XPSX, 80.5, 100, XNAS, 80.44, 3, XNAS, 8197, 656680, 80.1123, 300, 1, 100, 1, 1, 0, 0, 1, 0, 0
1635342147703, 80.27, 400, XPSX, 80.5, 100, XNAS, 80.45, 4, XNAS, 8201, 657002, 80.1124, 400, 1, 100, 1, 1, 0, 0, 1, 0, 0
1635342147703, 80.27, 400, XPSX, 80.5, 100, XNAS, 80.45, 4, XNAS, 8205, 657324, 80.1126, 400, 1, 100, 1, 1, 0, 0, 1, 0, 0
1635342147703, 80.27, 400, XPSX, 80.5, 100, XNAS, 80.45, 4, XNAS, 8209, 657646, 80.1128, 400, 1, 100, 1, 1, 0, 0, 1, 0, 0
1635342147703, 80.27, 400, XPSX, 80.5, 100, XNAS, 80.44, 1, EDGX, 8210, 657726, 80.1128, 400, 1, 100, 1, 1, 0, 0, 1, 0, 0
1635342147703, 80.27, 400, XPSX, 80.5, 100, XNAS, 80.45, 76, XNAS, 8286, 663840, 80.1159, 500, 2, 100, 1, 1, 0, 0, 1, 0, 0
1635342147703, 80.27, 400, XPSX, 80.5, 100, XNAS, 80.43, 5, XNYS, 8291, 664242, 80.1161, 500, 2, 100, 1, 1, 0, 0, 1, 0, 0
1635342147703, 80.27, 400, XPSX, 80.5, 100, XNAS, 80.43, 5, XNYS, 8296, 664645, 80.1163, 500, 2, 100, 1, 1, 0, 0, 1, 0, 0
1635342147703, 80.27, 400, XPSX, 80.62, 100, XNYS, 80.5, 100, XNAS, 8396, 672695, 80.1208, 500, 2, 100, 1, 0, 1, 0, 1, 0, 0
1635342147703, 80.37, 200, XPSX, 80.62, 100, XNYS, 80.51, 19, BATS, 8415, 674224, 80.1217, 200, 1, 100, 1, 1, 0, 0, 1, 0, 0
1635342147703, 80.45, 100, XNAS, 80.62, 100, XNYS, 80.46, 25, EPRL, 8440, 676236, 80.1227, 100, 1, 100, 1, 1, 0, 0, 0, 1, 0
1635342147703, 80.4, 200, EDGX, 80.62, 100, XNYS, 80.495, 10, XNAS, 8450, 677041, 80.1232, 300, 2, 100, 1, 1, 0, 0, 0, 1, 0
1635342147703, 80.4, 200, EDGX, 80.62, 100, XNYS, 80.45, 2, XNAS, 8452, 677202, 80.1232, 300, 2, 100, 1, 1, 0, 0, 0, 1, 0
1635342147703, 80.4, 200, EDGX, 80.62, 100, XNYS, 80.45, 90, XNAS, 8542, 684442, 80.1267, 300, 2, 100, 1, 1, 0, 0, 0, 1, 0
1635342147704, 80.45, 100, XNAS, 80.68, 100, XPSX, 80.62, 100, XNYS, 8642, 692504, 80.1324, 100, 1, 100, 1, 0, 1, 0, 1, 0, 0
1635342147706, 80.4, 300, EDGX, 80.62, 100, IEXG, 80.51, 2, BATS, 8644, 692665, 80.1325, 700, 3, 100, 1, 1, 0, 1, 0, 0, 0
1635342147710, 80.45, 200, XNAS, 80.62, 100, IEXG, 80.51, 3, MEMX, 8647, 692907, 80.1326, 200, 1, 100, 1, 1, 0, 0, 0, 1, 0
1635342148236, 80.5, 300, XNAS, 80.72, 100, EDGA, 80.51, 1, MEMX, 8648, 692987, 80.1326, 300, 1, 100, 1, 1, 0, 0, 0, 1, 0
1635342148236, 80.5, 300, XNAS, 80.72, 100, EDGA, 80.51, 61, MEMX, 8709, 697898, 80.1353, 300, 1, 100, 1, 1, 0, 0, 0, 1, 0
1635342148704, 80.5, 400, XNAS, 80.84, 200, ARCX, 80.69, 33, EDGX, 8742, 700561, 80.1374, 400, 1, 900, 6, 1, 0, 0, 1, 0, 0
1635342149709, 80.5, 400, XNAS, 80.7, 100, ARCX, 80.6, 10, IEXG, 8752, 701367, 80.1379, 400, 1, 100, 1, 1, 0, 1, 0, 0, 0
1635342149712, 80.5, 300, XNAS, 80.7, 100, ARCX, 80.6, 10, IEXG, 8762, 702173, 80.1384, 300, 1, 100, 1, 1, 0, 1, 0, 0, 0
1635342149718, 80.5, 300, XNAS, 80.7, 100, ARCX, 80.6, 20, IEXG, 8782, 703785, 80.1395, 300, 1, 100, 1, 1, 0, 1, 0, 0, 0
1635342162330, 80.51, 100, BATY, 80.7, 100, ARCX, 80.605, 60, IEXG, 8842, 708621, 80.1426, 100, 1, 100, 1, 1, 0, 1, 0, 0, 0
1635342162332, 80.51, 100, BATY, 80.7, 100, ARCX, 80.7, 40, XADF, 8882, 711849, 80.1452, 100, 1, 100, 1, 1, 1, 0, 1, 0, 0
1635342185293, 80.51, 100, BATY, 80.7, 100, ARCX, 80.7, 50, XADF, 8932, 715884, 80.1483, 100, 1, 100, 1, 1, 1, 0, 1, 0, 0
1635342200833, 80.51, 400, XNAS, 80.7, 100, ARCX, 80.5358, 2, XADF, 8934, 716045, 80.1484, 500, 2, 100, 1, 1, 1, 0, 0, 1, 0
1635342200844, 80.51, 400, XNAS, 80.7, 100, ARCX, 80.605, 1, XADF, 8935, 716126, 80.1484, 500, 2, 100, 1, 1, 1, 1, 0, 0, 0
1635342209522, 80.55, 100, XPSX, 80.91, 100, XPSX, 80.7, 33, ARCX, 8969, 718870, 80.1505, 100, 1, 100, 1, 1, 0, 0, 0, 1, 0
1635342209523, 80.55, 100, XPSX, 80.91, 100, XPSX, 80.7, 76, ARCX, 9045, 725003, 80.1551, 100, 1, 100, 1, 1, 0, 0, 0, 1, 0
1635342252921, 80.6, 100, XNAS, 80.95, 300, BATS, 80.87, 100, XADF, 9145, 733090, 80.1629, 200, 2, 800, 4, 0, 1, 0, 1, 0, 0
1635342263053, 80.64, 300, XNAS, 80.95, 100, BATS, 80.81, 100, XNAS, 9245, 741171, 80.1699, 300, 1, 100, 1, 0, 1, 0, 1, 0, 0
1635342280859, 80.7, 300, XNAS, 81.09, 200, XNYS, 80.95, 1, XADF, 9246, 741252, 80.17, 300, 1, 700, 4, 1, 1, 0, 1, 0, 0
1635342295989, 80.78, 300, XNAS, 81.19, 200, XPSX, 80.81, 1, ARCX, 9247, 741333, 80.1701, 300, 1, 200, 1, 1, 0, 0, 0, 1, 0
1635342297357, 80.79, 200, XNAS, 81.2, 200, BATS, 81.15, 40, XADF, 9287, 744579, 80.1743, 200, 1, 400, 2, 1, 1, 0, 1, 0, 0
1635342333238, 80.9, 200, XNAS, 81.37, 400, XNAS, 81.1125, 20, XADF, 9307, 746201, 80.1763, 300, 2, 800, 3, 1, 1, 0, 0, 1, 0
1635342344879, 80.92, 200, XNAS, 81.36, 200, XCHI, 81.33, 100, XADF, 9407, 754334, 80.1886, 200, 1, 200, 1, 0, 1, 0, 1, 0, 0
1635342383298, 80.99, 200, XNAS, 81.36, 200, XCHI, 81.2, 8, XNAS, 9415, 754983, 80.1894, 200, 1, 200, 1, 1, 0, 0, 1, 0, 0
1635342383298, 80.99, 200, XNAS, 81.36, 200, XCHI, 81.2, 11, XNAS, 9426, 755877, 80.1906, 200, 1, 200, 1, 1, 0, 0, 1, 0, 0
1635342383298, 80.99, 200, XNAS, 81.36, 200, XCHI, 81.2, 13, XNAS, 9439, 756932, 80.192, 200, 1, 200, 1, 1, 0, 0, 1, 0, 0
1635342383298, 80.99, 200, XNAS, 81.36, 200, XCHI, 81.2, 25, BATS, 9464, 758962, 80.1947, 200, 1, 200, 1, 1, 0, 0, 1, 0, 0
1635342383298, 80.99, 200, XNAS, 81.36, 200, XCHI, 81.2, 27, XNAS, 9491, 761155, 80.1975, 200, 1, 200, 1, 1, 0, 0, 1, 0, 0
1635342384140, 81.15, 300, XNAS, 81.4, 200, XCHI, 81.275, 1, IEXG, 9492, 761236, 80.1976, 300, 1, 200, 1, 1, 0, 1, 0, 0, 0
1635342387009, 81.15, 300, XNAS, 81.4, 200, XCHI, 81.28, 3, BATS, 9495, 761480, 80.198, 400, 2, 200, 1, 1, 0, 0, 1, 0, 0
1635342403714, 81.22, 300, XNAS, 81.65, 200, IEXG, 81.6055, 200, XADF, 9695, 777801, 80.227, 400, 2, 400, 2, 0, 1, 0, 1, 0, 0
1635342409456, 81.23, 200, XNAS, 81.65, 200, IEXG, 81.61, 40, XADF, 9735, 781065, 80.2327, 300, 2, 300, 2, 1, 1, 0, 1, 0, 0
1635342413268, 81.25, 400, XNAS, 81.65, 200, IEXG, 81.45, 13, XADF, 9748, 782124, 80.2343, 400, 1, 300, 2, 1, 1, 1, 0, 0, 0
1635342423422, 81.25, 300, XNAS, 81.65, 200, IEXG, 81.45, 10, IEXG, 9758, 782939, 80.2356, 400, 2, 600, 3, 1, 0, 1, 0, 0, 0
1635342438832, 81.25, 300, XNAS, 81.64, 300, BATS, 81.58, 100, XADF, 9858, 791097, 80.2492, 400, 2, 500, 2, 0, 1, 0, 1, 0, 0
1635342439604, 81.26, 200, XNAS, 81.62, 200, XNAS, 81.3, 17, XADF, 9875, 792479, 80.251, 300, 2, 200, 1, 1, 1, 0, 0, 1, 0
1635342439809, 81.26, 200, XNAS, 81.62, 200, XNAS, 81.63, 100, XADF, 9975, 800642, 80.2648, 300, 2, 200, 1, 0, 1, 0, 1, 0, 1
1635342442806, 81.26, 200, XNAS, 81.62, 200, XNAS, 81.59, 100, XNAS, 10075, 808801, 80.278, 200, 1, 200, 1, 0, 1, 0, 1, 0, 0
1635342456050, 81.26, 200, XNAS, 81.62, 300, XNAS, 81.44, 20, IEXG, 10095, 810429, 80.2803, 200, 1, 500, 2, 1, 0, 1, 0, 0, 0
1635342456050, 81.26, 200, XNAS, 81.62, 300, XNAS, 81.3, 80, IEXG, 10175, 816933, 80.2883, 200, 1, 500, 2, 1, 0, 0, 0, 1, 0
1635342456357, 81.61, 2900, EDGX, 81.62, 200, XNAS, 81.61, 100, EDGX, 10275, 825094, 80.3012, 2900, 1, 400, 2, 0, 0, 0, 0, 1, 0
1635342456357, 81.61, 2700, EDGX, 81.62, 200, XNAS, 81.61, 205, EDGX, 10480, 841824, 80.3268, 2700, 1, 400, 2, 0, 0, 0, 0, 1, 0
1635342456357, 81.61, 2600, EDGX, 81.62, 200, XNAS, 81.61, 120, EDGX, 10600, 851618, 80.3413, 2600, 1, 400, 2, 0, 0, 0, 0, 1, 0
1635342456357, 81.61, 2500, EDGX, 81.62, 200, XNAS, 81.61, 109, EDGX, 10709, 860513, 80.3542, 2500, 1, 400, 2, 0, 0, 0, 0, 1, 0
1635342456357, 81.61, 2300, EDGX, 81.61, 100, XNAS, 81.61, 200, EDGX, 10909, 876835, 80.3772, 2300, 1, 100, 1, 0, 0, 1, 0, 0, 0
1635342456357, 81.61, 2300, EDGX, 81.61, 100, XNAS, 81.61, 2329, EDGX, 13238, 1.0669e+06, 80.5941, 2300, 1, 100, 1, 0, 0, 1, 0, 0, 0
1635342456357, 81.27, 200, XPSX, 81.61, 800, XNAS, 81.61, 1, XADF, 13239, 1.06699e+06, 80.5942, 200, 1, 900, 2, 1, 1, 0, 1, 0, 0
1635342456358, 81.27, 200, XPSX, 81.61, 800, XNAS, 81.61, 1, XADF, 13240, 1.06707e+06, 80.5943, 200, 1, 900, 2, 1, 1, 0, 1, 0, 0
1635342456360, 81.27, 200, XPSX, 81.61, 800, XNAS, 81.61, 1, XADF, 13241, 1.06715e+06, 80.5943, 200, 1, 900, 2, 1, 1, 0, 1, 0, 0
1635342456361, 81.27, 200, XPSX, 81.61, 800, XNAS, 81.58, 100, IEXG, 13341, 1.07531e+06, 80.6017, 200, 1, 900, 2, 0, 1, 0, 1, 0, 0
1635342458060, 81.26, 100, XNAS, 81.6, 1100, XNAS, 81.43, 10, XADF, 13351, 1.07612e+06, 80.6024, 100, 1, 1300, 3, 1, 1, 1, 0, 0, 0
1635342458068, 81.26, 100, XNAS, 81.6, 1100, XNAS, 81.43, 10, XADF, 13361, 1.07694e+06, 80.603, 100, 1, 1200, 2, 1, 1, 1, 0, 0, 0
1635342485309, 81.26, 100, XNAS, 81.58, 100, XNAS, 81.42, 10, XADF, 13371, 1.07775e+06, 80.6036, 100, 1, 100, 1, 1, 1, 1, 0, 0, 0
1635342521560, 81.27, 200, XNAS, 81.58, 200, XNAS, 81.58, 40, XADF, 13411, 1.08101e+06, 80.6065, 200, 1, 300, 2, 1, 1, 0, 1, 0, 0
1635342547843, 81.29, 200, XNAS, 81.59, 100, XNAS, 81.4, 9, BATS, 13420, 1.08175e+06, 80.607, 200, 1, 100, 1, 1, 0, 0, 0, 1, 0
1635342548977, 81.29, 200, XNAS, 81.58, 300, XNAS, 81.56, 7, XADF, 13427, 1.08232e+06, 80.6075, 200, 1, 400, 2, 1, 1, 0, 1, 0, 0
1635342550320, 81.29, 200, XNAS, 81.58, 200, XNAS, 81.32, 1, XADF, 13428, 1.0824e+06, 80.6076, 200, 1, 300, 2, 1, 1, 0, 0, 1, 0
1635342556334, 81.29, 200, XNAS, 81.58, 200, XNAS, 81.29, 12, XADF, 13440, 1.08337e+06, 80.6082, 200, 1, 300, 2, 1, 1, 0, 0, 1, 0
1635342603585, 81.29, 100, XNAS, 81.57, 300, XNAS, 81.4095, 1225, XADF, 14665, 1.1831e+06, 80.6751, 100, 1, 300, 1, 0, 1, 0, 0, 1, 0
1635342603781, 81.29, 200, XNAS, 81.57, 300, XNAS, 81.57, 100, XADF, 14765, 1.19126e+06, 80.6812, 200, 1, 300, 1, 0, 1, 0, 1, 0, 0
1635342607167, 81.29, 200, XNAS, 81.57, 200, XNAS, 81.54, 90, XNAS, 14855, 1.1986e+06, 80.6864, 200, 1, 200, 1, 1, 0, 0, 1, 0, 0
1635342607167, 81.3, 200, XPSX, 81.57, 200, XNAS, 81.56, 10, XNYS, 14865, 1.19941e+06, 80.687, 200, 1, 200, 1, 1, 0, 0, 1, 0, 0
1635342627461, 81.3, 300, XNAS, 81.57, 100, EDGX, 81.57, 100, XADF, 14965, 1.20757e+06, 80.6929, 300, 1, 200, 2, 0, 1, 0, 1, 0, 0
1635342627461, 81.3, 300, XNAS, 81.57, 100, EDGX, 81.57, 7, XADF, 14972, 1.20814e+06, 80.6933, 300, 1, 200, 2, 1, 1, 0, 1, 0, 0
1635342627461, 81.3, 300, XNAS, 81.57, 100, EDGX, 81.57, 93, XADF, 15065, 1.21573e+06, 80.6987, 300, 1, 200, 2, 1, 1, 0, 1, 0, 0
1635342633585, 81.3, 300, XNAS, 81.57, 100, XNAS, 81.57, 40, XADF, 15105, 1.21899e+06, 80.701, 300, 1, 200, 2, 1, 1, 0, 1, 0, 0
1635342637712, 81.3, 300, XNAS, 81.57, 100, EDGX, 81.55, 100, XADF, 15205, 1.22714e+06, 80.7066, 400, 2, 100, 1, 0, 1, 0, 1, 0, 0
1635342710618, 81.3, 300, XNAS, 81.56, 200, XNAS, 81.35, 100, EDGA, 15305, 1.23528e+06, 80.7108, 400, 2, 200, 1, 0, 1, 0, 0, 1, 0
1635342723941, 81.3, 200, XNAS, 81.56, 200, IEXG, 81.43, 12, ARCX, 15317, 1.23626e+06, 80.7114, 300, 2, 600, 4, 1, 0, 1, 0, 0, 0
1635342723942, 81.3, 200, XNAS, 81.56, 100, XNAS, 81.54, 88, XADF, 15405, 1.24343e+06, 80.7161, 400, 3, 200, 2, 1, 1, 0, 1, 0, 0
1635342731224, 81.31, 200, XNAS, 81.56, 100, EDGX, 81.55, 100, EDGX, 15505, 1.25159e+06, 80.7215, 300, 2, 100, 1, 0, 1, 0, 1, 0, 0
1635342735528, 81.31, 200, XNAS, 81.56, 100, EDGX, 81.435, 1, XADF, 15506, 1.25167e+06, 80.7215, 300, 2, 100, 1, 1, 1, 1, 0, 0, 0
1635342745601, 81.31, 200, XNAS, 81.56, 100, EDGX, 81.56, 40, XADF, 15546, 1.25493e+06, 80.7237, 200, 1, 100, 1, 1, 1, 0, 1, 0, 0
1635342785055, 81.32, 200, XNAS, 81.55, 100, XNAS, 81.435, 100, XADF, 15646, 1.26307e+06, 80.7282, 200, 1, 100, 1, 0, 1, 1, 0, 0, 0
1635342820427, 81.43, 400, XNAS, 81.55, 100, XNAS, 81.55, 100, XNAS, 15746, 1.27123e+06, 80.7334, 400, 1, 100, 1, 0, 0, 0, 1, 0, 0
1635342820427, 81.43, 400, XNAS, 81.61, 100, ARCX, 81.55, 50, XNAS, 15796, 1.27531e+06, 80.736, 400, 1, 100, 1, 1, 0, 0, 1, 0, 0
1635342820427, 81.43, 400, XNAS, 81.61, 100, ARCX, 81.55, 4, XNAS, 15800, 1.27563e+06, 80.7362, 400, 1, 100, 1, 1, 0, 0, 1, 0, 0
1635342820427, 81.43, 400, XNAS, 81.61, 100, ARCX, 81.55, 4, XNAS, 15804, 1.27596e+06, 80.7364, 400, 1, 100, 1, 1, 0, 0, 1, 0, 0
1635342820427, 81.43, 400, XNAS, 81.61, 100, ARCX, 81.55, 4, XNAS, 15808, 1.27628e+06, 80.7366, 400, 1, 100, 1, 1, 0, 0, 1, 0, 0
1635342820427, 81.43, 400, XNAS, 81.61, 100, ARCX, 81.55, 4, XNAS, 15812, 1.27661e+06, 80.7368, 400, 1, 100, 1, 1, 0, 0, 1, 0, 0
1635342820427, 81.43, 400, XNAS, 81.61, 100, ARCX, 81.55, 4, XNAS, 15816, 1.27694e+06, 80.737, 400, 1, 100, 1, 1, 0, 0, 1, 0, 0
1635342820427, 81.43, 400, XNAS, 81.61, 100, ARCX, 81.55, 30, XNAS, 15846, 1.27938e+06, 80.7386, 400, 1, 100, 1, 1, 0, 0, 1, 0, 0
1635342820427, 81.43, 600, XNAS, 81.61, 100, ARCX, 81.55, 6, XCIS, 15852, 1.27987e+06, 80.7389, 600, 1, 100, 1, 1, 0, 0, 1, 0, 0
1635342820427, 81.43, 600, XNAS, 81.61, 100, ARCX, 81.55, 4, XCIS, 15856, 1.2802e+06, 80.7391, 600, 1, 100, 1, 1, 0, 0, 1, 0, 0
1635342820428, 81.49, 100, XNAS, 81.61, 100, ARCX, 81.56, 2, BATS, 15858, 1.28036e+06, 80.7392, 100, 1, 100, 1, 1, 0, 0, 1, 0, 0
1635342820428, 81.49, 100, XNAS, 81.61, 100, ARCX, 81.52, 3, MEMX, 15861, 1.28061e+06, 80.7394, 100, 1, 100, 1, 1, 0, 0, 0, 1, 0
1635342820430, 81.52, 100, XNAS, 81.62, 100, XNYS, 81.56, 3, BATS, 15864, 1.28085e+06, 80.7395, 100, 1, 100, 1, 1, 0, 0, 0, 1, 0
1635342824003, 81.43, 200, XNAS, 81.62, 100, XNYS, 81.49, 247, XNAS, 16111, 1.30098e+06, 80.751, 300, 2, 200, 2, 0, 1, 0, 0, 1, 0
1635342824003, 81.43, 100, BATS, 81.62, 100, XNYS, 81.555, 10, XNAS, 16121, 1.3018e+06, 80.7515, 200, 2, 200, 2, 1, 0, 0, 1, 0, 0
1635342824003, 81.43, 100, BATS, 81.62, 100, XNYS, 81.43, 100, XNAS, 16221, 1.30994e+06, 80.7557, 100, 1, 200, 2, 0, 1, 0, 0, 1, 0
1635342824003, 81.43, 100, BATS, 81.61, 100, XNAS, 81.43, 60, XNAS, 16281, 1.31482e+06, 80.7582, 100, 1, 100, 1, 1, 0, 0, 0, 1, 0
1635342824003, 81.43, 100, BATS, 81.61, 100, XNAS, 81.43, 90, XNAS, 16371, 1.32215e+06, 80.7619, 100, 1, 100, 1, 1, 0, 0, 0, 1, 0
1635342824003, 81.43, 100, BATS, 81.61, 100, XNAS, 81.43, 10, XNAS, 16381, 1.32297e+06, 80.7623, 100, 1, 100, 1, 1, 0, 0, 0, 1, 0
1635342824003, 81.43, 100, BATS, 81.61, 300, XNAS, 81.43, 30, EDGA, 16411, 1.32541e+06, 80.7635, 100, 1, 500, 2, 1, 0, 0, 0, 1, 0
1635342824003, 81.23, 100, XPSX, 81.58, 100, EDGX, 81.43, 100, BATS, 16511, 1.33355e+06, 80.7675, 100, 1, 100, 1, 0, 1, 0, 1, 0, 0
1635342824003, 81.24, 200, XPSX, 81.58, 100, EDGX, 81.43, 1, EDGX, 16512, 1.33363e+06, 80.7676, 200, 1, 100, 1, 1, 0, 0, 1, 0, 0
1635342824003, 81.24, 200, XPSX, 81.58, 200, EDGX, 81.43, 5, ARCX, 16517, 1.33404e+06, 80.7678, 200, 1, 200, 1, 1, 0, 0, 1, 0, 0
1635342832225, 81.19, 200, XNAS, 81.57, 300, XNAS, 81.38, 3, XADF, 16520, 1.33429e+06, 80.7679, 400, 2, 500, 2, 1, 1, 1, 0, 0, 0
1635342839932, 81.19, 200, IEXG, 81.57, 400, XNAS, 81.32, 29, XADF, 16549, 1.33664e+06, 80.7689, 300, 2, 600, 2, 1, 1, 0, 0, 1, 0
1635342844135, 81.19, 200, IEXG, 81.57, 400, XNAS, 81.19, 2, XADF, 16551, 1.33681e+06, 80.7689, 300, 2, 400, 1, 1, 1, 0, 0, 1, 0
1635342844149, 81.19, 200, IEXG, 81.56, 200, XPSX, 81.32, 1, XADF, 16552, 1.33689e+06, 80.7689, 300, 2, 200, 1, 1, 1, 0, 0, 1, 0
1635342855630, 81.19, 200, IEXG, 81.57, 400, XNAS, 81.52, 39, XADF, 16592, 1.34015e+06, 80.7707, 300, 2, 400, 1, 1, 1, 0, 1, 0, 0
1635342916569, 81.22, 100, IEXG, 81.57, 300, XNAS, 81.55, 100, XADF, 16692, 1.3483e+06, 80.7754, 100, 1, 300, 1, 0, 1, 0, 1, 0, 0
1635342932780, 81.23, 200, XNAS, 81.57, 300, XNAS, 81.57, 30, XADF, 16722, 1.35075e+06, 80.7768, 300, 2, 300, 1, 1, 1, 0, 1, 0, 0
1635342934339, 81.23, 200, XNAS, 81.57, 300, XNAS, 81.57, 150, XADF, 16872, 1.36299e+06, 80.7839, 300, 2, 300, 1, 0, 1, 0, 1, 0, 0
1635343011101, 81.23, 200, XNAS, 81.55, 200, XNAS, 81.55, 100, XADF, 16972, 1.37114e+06, 80.7884, 400, 3, 300, 2, 0, 1, 0, 1, 0, 0
1635343037434, 81.23, 200, XNAS, 81.52, 100, XNAS, 81.375, 1, XADF, 16973, 1.37122e+06, 80.7884, 400, 3, 100, 1, 1, 1, 1, 0, 0, 0
1635343125720, 81.23, 200, XNAS, 81.5, 100, XNAS, 81.365, 100, XADF, 17073, 1.37936e+06, 80.7918, 300, 2, 100, 1, 0, 1, 1, 0, 0, 0
1635343170063, 81.23, 200, XNAS, 81.5, 100, XNAS, 81.365, 13, XADF, 17086, 1.38042e+06, 80.7922, 500, 3, 100, 1, 1, 1, 1, 0, 0, 0
1635343206047, 81.27, 100, EDGX, 81.61, 200, XCHI, 81.57, 10, XADF, 17096, 1.38123e+06, 80.7927, 300, 3, 500, 4, 1, 1, 0, 1, 0, 0
1635343212674, 81.27, 100, EDGX, 81.52, 100, XNAS, 81.5, 100, XADF, 17196, 1.38938e+06, 80.7968, 200, 2, 200, 2, 0, 1, 0, 1, 0, 0
1635343274404, 81.27, 200, XNAS, 81.5, 100, XNAS, 81.32, 2, XADF, 17198, 1.38954e+06, 80.7969, 300, 2, 100, 1, 1, 1, 0, 0, 1, 0
1635343326370, 81.27, 200, XNAS, 81.48, 100, XNAS, 81.47, 20, XADF, 17218, 1.39117e+06, 80.7977, 300, 2, 100, 1, 1, 1, 0, 1, 0, 0
1635343327294, 81.27, 200, XNAS, 81.48, 100, XNAS, 81.38, 1, XNAS, 17219, 1.39126e+06, 80.7977, 300, 2, 100, 1, 1, 0, 0, 1, 0, 0
1635343343638, 81.33, 200, XNAS, 81.57, 100, XCHI, 81.45, 8, IEXG, 17227, 1.39191e+06, 80.798, 200, 1, 100, 1, 1, 0, 1, 0, 0, 0
1635343344296, 81.33, 200, XNAS, 81.57, 100, XCHI, 81.45, 1, XNAS, 17228, 1.39199e+06, 80.798, 200, 1, 100, 1, 1, 0, 1, 0, 0, 0
1635343389937, 81.34, 100, XNAS, 81.52, 100, XNAS, 81.36, 12, XNAS, 17240, 1.39296e+06, 80.7984, 100, 1, 100, 1, 1, 0, 0, 0, 1, 0
1635343389937, 81.34, 100, XNAS, 81.52, 100, XNAS, 81.36, 8, XNAS, 17248, 1.39362e+06, 80.7987, 100, 1, 100, 1, 1, 0, 0, 0, 1, 0
1635343389937, 81.34, 100, XNAS, 81.52, 100, XNAS, 81.34, 4, XNAS, 17252, 1.39394e+06, 80.7988, 100, 1, 100, 1, 1, 0, 0, 0, 1, 0
1635343389937, 81.34, 100, XNAS, 81.52, 100, XNAS, 81.34, 90, XNAS, 17342, 1.40126e+06, 80.8016, 100, 1, 100, 1, 1, 0, 0, 0, 1, 0
1635343389937, 81.32, 100, XNAS, 81.52, 100, XNAS, 81.34, 6, XNAS, 17348, 1.40175e+06, 80.8018, 100, 1, 100, 1, 1, 0, 0, 0, 1, 0
1635343389937, 81.32, 100, XNAS, 81.52, 100, XNAS, 81.34, 5, XNAS, 17353, 1.40216e+06, 80.802, 100, 1, 100, 1, 1, 0, 0, 0, 1, 0
1635343389937, 81.32, 100, XNAS, 81.52, 100, XNAS, 81.34, 5, XNAS, 17358, 1.40256e+06, 80.8021, 100, 1, 100, 1, 1, 0, 0, 0, 1, 0
1635343389937, 81.32, 100, XNAS, 81.52, 100, XNAS, 81.34, 63, XNAS, 17421, 1.40769e+06, 80.8041, 100, 1, 100, 1, 1, 0, 0, 0, 1, 0
1635343389937, 81.32, 100, XNAS, 81.52, 100, XNAS, 81.34, 13, XNAS, 17434, 1.40874e+06, 80.8045, 100, 1, 100, 1, 1, 0, 0, 0, 1, 0
1635343389937, 81.32, 100, XNAS, 81.52, 100, XNAS, 81.34, 16, XNAS, 17450, 1.41005e+06, 80.8049, 100, 1, 100, 1, 1, 0, 0, 0, 1, 0
1635343389937, 81.32, 100, XNAS, 81.52, 100, XNAS, 81.34, 7, XNAS, 17457, 1.41062e+06, 80.8052, 100, 1, 100, 1, 1, 0, 0, 0, 1, 0
1635343389937, 81.32, 100, XNAS, 81.52, 100, XNAS, 81.32, 7, XBOS, 17464, 1.41118e+06, 80.8054, 100, 1, 100, 1, 1, 0, 0, 0, 1, 0
1635343389937, 81.32, 100, XNAS, 81.48, 200, XPSX, 81.34, 1, XNAS, 17465, 1.41127e+06, 80.8054, 100, 1, 200, 1, 1, 0, 0, 0, 1, 0
1635343389937, 81.17, 100, XNYS, 81.43, 100, XNAS, 81.32, 59, XNAS, 17524, 1.41606e+06, 80.8071, 100, 1, 100, 1, 1, 0, 0, 1, 0, 0
1635343389937, 81.17, 100, XNYS, 81.43, 100, XNAS, 81.32, 100, XNAS, 17624, 1.4242e+06, 80.81, 100, 1, 100, 1, 0, 1, 0, 1, 0, 0
1635343389937, 81.17, 100, XNYS, 81.43, 100, XNAS, 81.32, 14, XBOS, 17638, 1.42533e+06, 80.8104, 100, 1, 100, 1, 1, 0, 0, 1, 0, 0
1635343389937, 81.17, 100, XNYS, 81.43, 100, XNAS, 81.32, 9, XBOS, 17647, 1.42607e+06, 80.8107, 100, 1, 100, 1, 1, 0, 0, 1, 0, 0
1635343389937, 81.17, 100, XNYS, 81.43, 100, XNAS, 81.32, 49, XBOS, 17696, 1.43005e+06, 80.8121, 100, 1, 100, 1, 1, 0, 0, 1, 0, 0
1635343389937, 81.17, 100, XNYS, 81.42, 100, XNAS, 81.32, 100, XNAS, 17796, 1.43818e+06, 80.815, 100, 1, 100, 1, 0, 1, 0, 1, 0, 0
1635343389938, 81.17, 100, XNYS, 81.42, 100, XNAS, 81.43, 6, IEXG, 17802, 1.43867e+06, 80.8152, 100, 1, 100, 1, 1, 0, 0, 1, 0, 1
1635343389938, 81.17, 100, XNYS, 81.42, 100, XNAS, 81.42, 9, IEXG, 17811, 1.4394e+06, 80.8155, 100, 1, 100, 1, 1, 0, 0, 1, 0, 0
1635343389938, 81.17, 100, XNYS, 81.42, 100, XNAS, 81.42, 9, IEXG, 17820, 1.44014e+06, 80.8158, 100, 1, 100, 1, 1, 0, 0, 1, 0, 0
1635343389938, 81.14, 200, XPSX, 81.42, 100, XNAS, 81.38, 6, IEXG, 17826, 1.44063e+06, 80.816, 200, 1, 100, 1, 1, 0, 0, 1, 0, 0
1635343389938, 81.14, 200, XPSX, 81.42, 100, XNAS, 81.37, 4, IEXG, 17830, 1.44095e+06, 80.8161, 200, 1, 100, 1, 1, 0, 0, 1, 0, 0
1635343389938, 81.14, 200, XPSX, 81.42, 100, XNAS, 81.36, 5, IEXG, 17835, 1.44136e+06, 80.8163, 200, 1, 100, 1, 1, 0, 0, 1, 0, 0
1635343389939, 81.14, 200, XPSX, 81.42, 100, XNAS, 81.31, 36, IEXG, 17871, 1.44429e+06, 80.8172, 200, 1, 100, 1, 1, 0, 0, 1, 0, 0
1635343389939, 81.14, 200, XPSX, 81.42, 100, XNAS, 81.31, 31, IEXG, 17902, 1.44681e+06, 80.8181, 300, 2, 100, 1, 1, 0, 0, 1, 0, 0
1635343389946, 81.14, 200, XPSX, 81.42, 400, XNAS, 81.32, 18, IEXG, 17920, 1.44827e+06, 80.8186, 300, 2, 500, 2, 1, 0, 0, 1, 0, 0
1635343390294, 81, 400, XNAS, 81.41, 100, EDGA, 81.21, 2, XNAS, 17922, 1.44843e+06, 80.8186, 600, 3, 300, 3, 1, 0, 0, 1, 0, 0
1635343433410, 80.99, 200, XNAS, 81.32, 300, XNAS, 81.155, 80, XNAS, 18002, 1.45492e+06, 80.8201, 400, 2, 400, 2, 1, 0, 1, 0, 0, 0
1635343446291, 80.94, 200, IEXG, 81.28, 200, XNAS, 81.11, 2, XNAS, 18004, 1.45509e+06, 80.8202, 300, 2, 200, 1, 1, 0, 1, 0, 0, 0
1635343470154, 80.94, 200, IEXG, 81.26, 200, XNAS, 81.0078, 27, XADF, 18031, 1.45727e+06, 80.8205, 600, 3, 200, 1, 1, 1, 0, 0, 1, 0
1635343471510, 80.83, 200, XNAS, 81.23, 100, XNAS, 81.08, 1, IEXG, 18032, 1.45735e+06, 80.8205, 600, 3, 100, 1, 1, 0, 0, 1, 0, 0
1635343475698, 80.83, 300, IEXG, 81.21, 200, XNAS, 81.03, 5, IEXG, 18037, 1.45776e+06, 80.8205, 600, 2, 200, 1, 1, 0, 0, 1, 0, 0
1635343475698, 80.83, 300, IEXG, 81.21, 200, XNAS, 81.03, 1, IEXG, 18038, 1.45784e+06, 80.8205, 600, 2, 200, 1, 1, 0, 0, 1, 0, 0
1635343475699, 80.83, 300, IEXG, 81.21, 200, XNAS, 81.02, 5, IEXG, 18043, 1.45825e+06, 80.8206, 600, 2, 200, 1, 1, 0, 1, 0, 0, 0
1635343475699, 80.83, 300, IEXG, 81.21, 200, XNAS, 81.01, 2, IEXG, 18045, 1.45841e+06, 80.8206, 600, 2, 200, 1, 1, 0, 0, 0, 1, 0
1635343475699, 80.83, 300, IEXG, 81.21, 200, XNAS, 81.01, 3, IEXG, 18048, 1.45865e+06, 80.8206, 600, 2, 200, 1, 1, 0, 0, 0, 1, 0
1635343489759, 80.83, 300, XNAS, 81.21, 200, XNAS, 81.18, 88, XNAS, 18136, 1.46579e+06, 80.8224, 500, 2, 200, 1, 1, 0, 0, 1, 0, 0
1635343489759, 80.84, 200, XPSX, 81.21, 200, XNAS, 81.19, 10, XNYS, 18146, 1.46661e+06, 80.8226, 200, 1, 200, 1, 1, 0, 0, 1, 0, 0
1635343489763, 80.84, 100, XPSX, 81.21, 200, XNAS, 80.84, 21, XPSX, 18167, 1.4683e+06, 80.8226, 100, 1, 200, 1, 1, 0, 0, 0, 1, 0
1635343507293, 80.83, 300, XNAS, 81.19, 300, XNAS, 81.01, 3, XNAS, 18170, 1.46855e+06, 80.8226, 600, 2, 300, 1, 1, 0, 1, 0, 0, 0
1635343507293, 80.87, 100, XPSX, 81.18, 200, XPSX, 81.01, 6, XNAS, 18176, 1.46903e+06, 80.8227, 100, 1, 200, 1, 1, 0, 0, 0, 1, 0
1635343568293, 80.79, 100, XNAS, 81.06, 100, XNAS, 80.93, 2, XNAS, 18178, 1.4692e+06, 80.8227, 100, 1, 100, 1, 1, 0, 0, 1, 0, 0
1635343574775, 80.78, 300, XNAS, 80.99, 100, XNAS, 80.99, 100, XADF, 18278, 1.47729e+06, 80.8236, 700, 3, 100, 1, 0, 1, 0, 1, 0, 0
1635343575120, 80.79, 100, XNAS, 81.07, 100, XNAS, 80.98, 100, XNAS, 18378, 1.48539e+06, 80.8245, 100, 1, 100, 1, 0, 1, 0, 1, 0, 0
1635343575120, 80.86, 100, XPSX, 81.07, 100, XNAS, 80.99, 1, XNAS, 18379, 1.48547e+06, 80.8245, 100, 1, 100, 1, 1, 0, 0, 1, 0, 0
1635343585271, 80.82, 200, XCHI, 81.07, 100, XNAS, 81.06, 100, XNAS, 18479, 1.49358e+06, 80.8258, 300, 2, 100, 1, 0, 1, 0, 1, 0, 0
1635343585271, 80.82, 200, XCHI, 81.17, 200, EDGX, 81.07, 7, XNAS, 18486, 1.49415e+06, 80.8259, 300, 2, 200, 1, 1, 0, 0, 1, 0, 0
1635343585271, 80.9, 200, XPSX, 81.17, 200, EDGX, 81.07, 93, XNAS, 18579, 1.50169e+06, 80.8271, 200, 1, 200, 1, 1, 0, 0, 1, 0, 0
1635343585271, 80.9, 300, XPSX, 81.17, 100, EDGX, 81.09, 5, BATS, 18584, 1.50209e+06, 80.8272, 300, 1, 100, 1, 1, 0, 0, 1, 0, 0
1635343585271, 81.03, 100, XNAS, 81.17, 100, EDGX, 81.06, 3, ARCX, 18587, 1.50233e+06, 80.8272, 100, 1, 100, 1, 1, 0, 0, 0, 1, 0
1635343585271, 81.03, 100, XNAS, 81.17, 100, EDGX, 81.06, 5, ARCX, 18592, 1.50274e+06, 80.8273, 100, 1, 100, 1, 1, 0, 0, 0, 1, 0
1635343585271, 81.03, 100, XNAS, 81.17, 100, EDGX, 81.07, 7, XNYS, 18599, 1.50331e+06, 80.8273, 100, 1, 100, 1, 1, 0, 0, 0, 1, 0
1635343585271, 81.03, 100, XNAS, 81.17, 100, EDGX, 81.09, 7, XCIS, 18606, 1.50388e+06, 80.8274, 100, 1, 100, 1, 1, 0, 0, 0, 1, 0
1635343585271, 81.03, 100, XNAS, 81.17, 100, EDGX, 81.07, 3, XNYS, 18609, 1.50412e+06, 80.8275, 100, 1, 100, 1, 1, 0, 0, 0, 1, 0
1635343585271, 81.03, 100, XNAS, 81.17, 100, EDGX, 81.07, 7, XNYS, 18616, 1.50469e+06, 80.8276, 100, 1, 100, 1, 1, 0, 0, 0, 1, 0
1635343585271, 81.03, 100, XNAS, 81.17, 100, EDGX, 81.07, 3, XNYS, 18619, 1.50493e+06, 80.8276, 100, 1, 100, 1, 1, 0, 0, 0, 1, 0
1635343585272, 81.03, 100, XNAS, 81.17, 100, EDGX, 81.09, 3, XCIS, 18622, 1.50517e+06, 80.8277, 300, 3, 100, 1, 1, 0, 0, 0, 1, 0
1635343585272, 81.03, 100, XNAS, 81.17, 200, XCHI, 81.1, 4, BATS, 18626, 1.5055e+06, 80.8277, 300, 3, 300, 2, 1, 0, 1, 0, 0, 0
1635343585272, 81.03, 100, XNAS, 81.17, 200, XCHI, 81.08, 2, IEXG, 18628, 1.50566e+06, 80.8277, 300, 3, 500, 3, 1, 0, 0, 0, 1, 0
1635343588283, 80.88, 200, XNAS, 81.24, 100, XPSX, 81.06, 100, IEXG, 18728, 1.51377e+06, 80.829, 700, 4, 100, 1, 0, 1, 1, 0, 0, 0
1635343621865, 80.88, 200, IEXG, 81.19, 100, XNAS, 81.02, 6, IEXG, 18734, 1.51425e+06, 80.829, 300, 2, 100, 1, 1, 0, 0, 0, 1, 0
1635343621865, 80.88, 200, IEXG, 81.19, 100, XNAS, 81.02, 3, IEXG, 18737, 1.51449e+06, 80.8291, 300, 2, 100, 1, 1, 0, 0, 0, 1, 0
1635343621865, 80.88, 200, IEXG, 81.19, 100, XNAS, 81.02, 4, IEXG, 18741, 1.51482e+06, 80.8291, 300, 2, 100, 1, 1, 0, 0, 0, 1, 0
1635343621865, 80.88, 200, IEXG, 81.19, 100, XNAS, 81.02, 5, IEXG, 18746, 1.51522e+06, 80.8292, 300, 2, 100, 1, 1, 0, 0, 0, 1, 0
1635343629348, 80.88, 100, XNAS, 81.02, 100, XNAS, 80.95, 100, IEXG, 18846, 1.52332e+06, 80.8298, 100, 1, 100, 1, 0, 1, 1, 0, 0, 0
1635343629440, 80.88, 100, XNAS, 81.02, 100, XNAS, 81.01, 100, XADF, 18946, 1.53142e+06, 80.8308, 100, 1, 200, 2, 0, 1, 0, 1, 0, 0
1635343630292, 80.88, 100, XNAS, 81.02, 100, XNAS, 80.95, 2, XNAS, 18948, 1.53158e+06, 80.8308, 100, 1, 200, 2, 1, 0, 1, 0, 0, 0
1635343630293, 80.88, 100, XNAS, 81.02, 100, XNAS, 80.95, 11, XNAS, 18959, 1.53247e+06, 80.8308, 100, 1, 200, 2, 1, 0, 1, 0, 0, 0
1635343631582, 80.88, 100, XNAS, 81.02, 100, XNAS, 80.9, 31, XNAS, 18990, 1.53498e+06, 80.831, 100, 1, 200, 2, 1, 0, 0, 0, 1, 0
1635343631582, 80.88, 100, XNAS, 81.02, 100, XNAS, 80.9, 8, XNAS, 18998, 1.53563e+06, 80.831, 100, 1, 200, 2, 1, 0, 0, 0, 1, 0
1635343631582, 80.88, 100, XNAS, 81.02, 100, XNAS, 80.9, 31, XNAS, 19029, 1.53813e+06, 80.8311, 100, 1, 200, 2, 1, 0, 0, 0, 1, 0
1635343631582, 80.88, 100, XNAS, 81.02, 100, XNAS, 80.9, 30, XNAS, 19059, 1.54056e+06, 80.8312, 100, 1, 200, 2, 1, 0, 0, 0, 1, 0
1635343631582, 80.79, 100, XNAS, 81.02, 100, EDGX, 80.88, 5, XNAS, 19064, 1.54097e+06, 80.8312, 100, 1, 200, 2, 1, 0, 0, 0, 1, 0
1635343631582, 80.79, 100, XNAS, 81.02, 100, EDGX, 80.88, 5, XNAS, 19069, 1.54137e+06, 80.8312, 100, 1, 200, 2, 1, 0, 0, 0, 1, 0
1635343631582, 80.79, 100, XNAS, 81.02, 100, EDGX, 80.88, 5, XNAS, 19074, 1.54178e+06, 80.8312, 100, 1, 200, 2, 1, 0, 0, 0, 1, 0
1635343631582, 80.79, 100, XNAS, 81.02, 100, EDGX, 80.88, 83, XNAS, 19157, 1.54849e+06, 80.8315, 100, 1, 200, 2, 1, 0, 0, 0, 1, 0
1635343631582, 80.79, 100, XNAS, 81.02, 100, EDGX, 80.88, 5, BATS, 19162, 1.54889e+06, 80.8315, 100, 1, 200, 2, 1, 0, 0, 0, 1, 0
1635343631582, 80.79, 100, XNAS, 81.02, 100, EDGX, 80.88, 5, BATS, 19167, 1.5493e+06, 80.8315, 100, 1, 200, 2, 1, 0, 0, 0, 1, 0
1635343631582, 80.79, 100, XNAS, 81.02, 100, EDGX, 80.88, 17, XNAS, 19184, 1.55067e+06, 80.8315, 100, 1, 200, 2, 1, 0, 0, 0, 1, 0
1635343631582, 80.78, 200, XNAS, 81.02, 100, EDGX, 80.88, 13, XNAS, 19197, 1.55172e+06, 80.8316, 200, 1, 200, 2, 1, 0, 0, 0, 1, 0
1635343631582, 80.75, 500, EDGX, 80.99, 200, XPSX, 80.88, 5, BATS, 19202, 1.55213e+06, 80.8316, 500, 1, 200, 1, 1, 0, 0, 1, 0, 0
1635343631582, 80.75, 500, EDGX, 80.99, 200, XPSX, 80.88, 5, BATS, 19207, 1.55253e+06, 80.8316, 500, 1, 200, 1, 1, 0, 0, 1, 0, 0
1635343661078, 80.75, 500, EDGX, 81.02, 100, EDGX, 80.96, 100, XNAS, 19307, 1.56063e+06, 80.8322, 700, 3, 100, 1, 0, 1, 0, 1, 0, 0
1635343662765, 80.85, 200, IEXG, 81.14, 200, XNAS, 81, 3, XNAS, 19310, 1.56087e+06, 80.8323, 300, 2, 600, 3, 1, 0, 0, 1, 0, 0
1635343662765, 80.85, 200, IEXG, 81.14, 200, XNAS, 81, 1, XNAS, 19311, 1.56095e+06, 80.8323, 300, 2, 600, 3, 1, 0, 0, 1, 0, 0
1635343662765, 80.85, 200, IEXG, 81.14, 200, XCHI, 81, 2, ARCX, 19313, 1.56111e+06, 80.8323, 200, 1, 600, 3, 1, 0, 0, 1, 0, 0
1635343695482, 80.75, 600, EDGX, 81.09, 200, XCHI, 80.94, 2, XNAS, 19315, 1.56128e+06, 80.8323, 600, 1, 400, 3, 1, 0, 0, 1, 0, 0
1635343697255, 80.75, 600, EDGX, 81.08, 200, XCHI, 80.9479, 8, XADF, 19323, 1.56192e+06, 80.8324, 1200, 3, 200, 1, 1, 1, 0, 1, 0, 0
1635343741206, 80.75, 600, EDGX, 81.08, 200, XCHI, 80.7894, 1, XADF, 19324, 1.562e+06, 80.8324, 1200, 2, 300, 2, 1, 1, 0, 0, 1, 0
1635343751294, 80.75, 600, EDGX, 81.07, 200, XCHI, 80.91, 3, XNAS, 19327, 1.56225e+06, 80.8324, 1200, 2, 300, 2, 1, 0, 1, 0, 0, 0
1635343751299, 80.86, 200, XPSX, 81.07, 200, XCHI, 81.01, 4, ARCX, 19331, 1.56257e+06, 80.8324, 200, 1, 300, 2, 1, 0, 0, 1, 0, 0
1635343751300, 80.86, 200, XPSX, 81.14, 100, XPSX, 81.07, 100, ARCX, 19431, 1.57068e+06, 80.8336, 200, 1, 100, 1, 0, 1, 0, 1, 0, 0
1635343751300, 80.86, 200, XPSX, 81.14, 100, XPSX, 81.07, 2, XNYS, 19433, 1.57084e+06, 80.8336, 200, 1, 100, 1, 1, 0, 0, 1, 0, 0
1635343751300, 80.86, 200, XPSX, 81.14, 100, XPSX, 81.07, 8, XNYS, 19441, 1.57149e+06, 80.8337, 200, 1, 100, 1, 1, 0, 0, 1, 0, 0
1635343751300, 80.86, 200, XPSX, 81.14, 100, XPSX, 81.07, 100, XNAS, 19541, 1.5796e+06, 80.835, 200, 1, 100, 1, 0, 1, 0, 1, 0, 0
1635343751300, 80.86, 200, XPSX, 81.14, 100, XPSX, 81.08, 1, IEXG, 19542, 1.57968e+06, 80.835, 200, 1, 100, 1, 1, 0, 0, 1, 0, 0
1635343769929, 80.85, 300, XNAS, 81.2, 200, XCHI, 81.15, 4, XADF, 19546, 1.58e+06, 80.835, 500, 3, 200, 1, 1, 1, 0, 1, 0, 0
1635343770101, 80.85, 300, XNAS, 81.2, 200, XCHI, 81.025, 341, XADF, 19887, 1.60763e+06, 80.8383, 500, 3, 200, 1, 0, 1, 1, 0, 0, 0
1635343815855, 80.87, 300, XNAS, 81.24, 300, XNAS, 81.055, 9, IEXG, 19896, 1.60836e+06, 80.8384, 400, 2, 800, 4, 1, 0, 1, 0, 0, 0
1635343821468, 80.87, 300, XNAS, 81.24, 300, XNAS, 81.21, 100, XADF, 19996, 1.61648e+06, 80.8402, 400, 2, 800, 4, 0, 1, 0, 1, 0, 0
1635343821468, 80.87, 300, XNAS, 81.24, 300, XNAS, 81.1, 3, XNAS, 19999, 1.61672e+06, 80.8403, 400, 2, 800, 4, 1, 0, 0, 1, 0, 0
1635343824837, 80.98, 100, XNAS, 81.24, 200, XNAS, 81.11, 5, XADF, 20004, 1.61713e+06, 80.8404, 200, 2, 700, 4, 1, 1, 1, 0, 0, 0
1635343826750, 80.98, 100, XNAS, 81.24, 200, XNAS, 81.1178, 8, XADF, 20012, 1.61778e+06, 80.8405, 200, 2, 700, 4, 1, 1, 0, 1, 0, 0
1635343836081, 80.98, 100, XNAS, 81.24, 200, XCHI, 81.11, 1, XADF, 20013, 1.61786e+06, 80.8405, 200, 2, 600, 4, 1, 1, 1, 0, 0, 0
1635343873294, 80.98, 100, XNAS, 81.24, 200, XCHI, 81.11, 2, XNAS, 20015, 1.61802e+06, 80.8405, 200, 2, 600, 4, 1, 0, 1, 0, 0, 0
1635343907120, 80.88, 200, XCHI, 81.16, 100, XNAS, 81.15, 100, XADF, 20115, 1.62614e+06, 80.842, 200, 1, 100, 1, 0, 1, 0, 1, 0, 0
1635343934303, 80.9, 200, XNAS, 81.17, 100, XNAS, 81.04, 1, XNAS, 20116, 1.62622e+06, 80.842, 500, 3, 100, 1, 1, 0, 0, 1, 0, 0
1635343934303, 80.9, 200, XNAS, 81.17, 100, XNAS, 81.035, 7, XNAS, 20123, 1.62679e+06, 80.8421, 500, 3, 100, 1, 1, 0, 1, 0, 0, 0
1635343944681, 80.91, 200, XCHI, 81.16, 100, XNAS, 81.12, 100, XNAS, 20223, 1.6349e+06, 80.8435, 200, 1, 100, 1, 0, 1, 0, 1, 0, 0
1635343961235, 80.92, 200, XCHI, 81.11, 100, XNAS, 81.1, 100, XNAS, 20323, 1.64301e+06, 80.8448, 500, 3, 100, 1, 0, 1, 0, 1, 0, 0
1635343961235, 80.92, 200, XCHI, 81.11, 100, XNAS, 81.1, 8, XNAS, 20331, 1.64366e+06, 80.8449, 500, 3, 100, 1, 1, 0, 0, 1, 0, 0
1635343961235, 81.04, 100, XNAS, 81.13, 100, XNAS, 81.11, 18, XNAS, 20349, 1.64512e+06, 80.8451, 100, 1, 100, 1, 1, 0, 0, 1, 0, 0
1635343961235, 81.04, 100, XNAS, 81.3, 100, XNYS, 81.11, 82, XNAS, 20431, 1.65177e+06, 80.8462, 100, 1, 100, 1, 1, 0, 0, 0, 1, 0
1635343961235, 81.04, 100, XNAS, 81.12, 100, XNAS, 81.11, 9, XNAS, 20440, 1.6525e+06, 80.8463, 100, 1, 100, 1, 1, 0, 0, 1, 0, 0
1635343961235, 81.04, 100, XNAS, 81.16, 100, XNAS, 81.11, 9, XNAS, 20449, 1.65323e+06, 80.8464, 100, 1, 100, 1, 1, 0, 0, 1, 0, 0
1635343961235, 81.04, 100, XNAS, 81.3, 100, XNYS, 81.11, 15, XNAS, 20464, 1.65444e+06, 80.8466, 100, 1, 100, 1, 1, 0, 0, 0, 1, 0
1635343961235, 81.04, 100, XNAS, 81.3, 100, XNYS, 81.11, 6, XNAS, 20470, 1.65493e+06, 80.8467, 100, 1, 100, 1, 1, 0, 0, 0, 1, 0
1635343961235, 81.04, 100, XNAS, 81.29, 200, XPSX, 81.11, 9, XNAS, 20479, 1.65566e+06, 80.8468, 100, 1, 200, 1, 1, 0, 0, 0, 1, 0
1635343961235, 81.04, 100, XNAS, 81.29, 200, XPSX, 81.11, 10, XNAS, 20489, 1.65647e+06, 80.8469, 100, 1, 200, 1, 1, 0, 0, 0, 1, 0
1635343961235, 81.04, 100, XNAS, 81.29, 200, XPSX, 81.11, 20, XNAS, 20509, 1.65809e+06, 80.8472, 100, 1, 200, 1, 1, 0, 0, 0, 1, 0
1635343961235, 81.04, 100, XNAS, 81.28, 100, BATY, 81.11, 4, XNAS, 20513, 1.65842e+06, 80.8472, 100, 1, 100, 1, 1, 0, 0, 0, 1, 0
1635343961235, 81.04, 100, XNAS, 81.28, 100, BATY, 81.11, 4, XNAS, 20517, 1.65874e+06, 80.8473, 100, 1, 100, 1, 1, 0, 0, 0, 1, 0
1635343961235, 81.04, 100, XNAS, 81.28, 100, BATY, 81.11, 4, XNAS, 20521, 1.65907e+06, 80.8473, 100, 1, 100, 1, 1, 0, 0, 0, 1, 0
1635343961235, 81.04, 100, XNAS, 81.28, 100, BATY, 81.11, 4, XNAS, 20525, 1.65939e+06, 80.8474, 100, 1, 100, 1, 1, 0, 0, 0, 1, 0
1635343961235, 81.04, 100, XNAS, 81.28, 100, BATY, 81.11, 6, XNAS, 20531, 1.65988e+06, 80.8474, 100, 1, 100, 1, 1, 0, 0, 0, 1, 0
1635343961235, 81.04, 100, XNAS, 81.28, 100, BATY, 81.12, 9, XNAS, 20540, 1.66061e+06, 80.8476, 100, 1, 100, 1, 1, 0, 0, 0, 1, 0
1635343961235, 81.04, 100, XNAS, 81.28, 100, BATY, 81.07, 2, XNAS, 20542, 1.66077e+06, 80.8476, 100, 1, 100, 1, 1, 0, 0, 0, 1, 0
1635343961239, 81.07, 100, MEMX, 81.25, 200, XNYS, 81.16, 1, IEXG, 20543, 1.66085e+06, 80.8476, 100, 1, 200, 1, 1, 0, 1, 0, 0, 0
1635343961239, 81.07, 100, MEMX, 81.25, 200, XNYS, 81.11, 2, XNAS, 20545, 1.66101e+06, 80.8476, 100, 1, 200, 1, 1, 0, 0, 0, 1, 0
1635343961240, 81.07, 100, MEMX, 81.25, 200, XNYS, 81.13, 3, IEXG, 20548, 1.66126e+06, 80.8477, 100, 1, 200, 1, 1, 0, 0, 0, 1, 0
1635343961254, 81.04, 100, XNAS, 81.25, 200, XNYS, 81.12, 6, XNAS, 20554, 1.66174e+06, 80.8477, 100, 1, 200, 1, 1, 0, 0, 0, 1, 0
1635343961276, 81.08, 100, XNAS, 81.26, 400, XNAS, 81.17, 14, XNAS, 20568, 1.66288e+06, 80.848, 100, 1, 600, 2, 1, 0, 1, 0, 0, 0
1635343961295, 81.04, 100, XNAS, 81.26, 400, XNAS, 81.11, 7, XNAS, 20575, 1.66345e+06, 80.848, 100, 1, 800, 3, 1, 0, 0, 0, 1, 0
1635343973545, 81.04, 100, EDGA, 81.26, 300, XNAS, 81.1, 10, ARCX, 20585, 1.66426e+06, 80.8482, 100, 1, 500, 2, 1, 0, 0, 0, 1, 0
1635343992765, 80.93, 200, XCHI, 81.25, 200, XNAS, 81.22, 100, XADF, 20685, 1.67238e+06, 80.85, 600, 3, 400, 2, 0, 1, 0, 1, 0, 0
1635343995294, 80.94, 300, XNAS, 81.22, 100, XNAS, 81.08, 3, XNAS, 20688, 1.67262e+06, 80.85, 700, 3, 100, 1, 1, 0, 1, 0, 0, 0
1635343995508, 80.94, 200, XNAS, 81.22, 100, XNAS, 81.08, 100, IEXG, 20788, 1.68073e+06, 80.8511, 200, 1, 100, 1, 0, 1, 1, 0, 0, 0
1635343995508, 80.94, 200, XNAS, 81.22, 100, XNAS, 81.08, 100, IEXG, 20888, 1.68884e+06, 80.8522, 200, 1, 100, 1, 0, 1, 1, 0, 0, 0
1635343995512, 80.94, 200, XNAS, 81.22, 100, XNAS, 81.08, 200, XADF, 21088, 1.70506e+06, 80.8544, 600, 3, 100, 1, 0, 1, 1, 0, 0, 0
1635344024331, 80.96, 300, XNAS, 81.22, 100, XNAS, 81.1912, 2, XADF, 21090, 1.70522e+06, 80.8544, 500, 2, 100, 1, 1, 1, 0, 1, 0, 0
1635344024332, 80.97, 200, XPSX, 81.22, 100, XNAS, 81.21, 10, XNAS, 21100, 1.70603e+06, 80.8546, 300, 2, 100, 1, 1, 0, 0, 1, 0, 0
1635344024332, 80.97, 200, XPSX, 81.22, 100, XNAS, 81.21, 100, XNAS, 21200, 1.71415e+06, 80.8562, 300, 2, 100, 1, 0, 1, 0, 1, 0, 0
1635344024332, 80.97, 200, XPSX, 81.22, 100, XNAS, 81.22, 62, XNAS, 21262, 1.71919e+06, 80.8573, 300, 2, 100, 1, 1, 0, 0, 1, 0, 0
1635344024332, 81.07, 200, XPSX, 81.22, 100, XNAS, 81.22, 38, XNAS, 21300, 1.72227e+06, 80.8579, 200, 1, 100, 1, 1, 0, 0, 1, 0, 0
1635344024332, 81.07, 200, XPSX, 81.25, 100, BATS, 81.22, 62, XNAS, 21362, 1.72731e+06, 80.859, 200, 1, 100, 1, 1, 0, 0, 1, 0, 0
1635344024332, 81.07, 200, XPSX, 81.22, 100, XNAS, 81.21, 1, XCIS, 21363, 1.72739e+06, 80.859, 200, 1, 100, 1, 1, 0, 0, 1, 0, 0
1635344024332, 81.07, 200, XPSX, 81.22, 100, XNAS, 81.22, 10, XCIS, 21373, 1.7282e+06, 80.8592, 200, 1, 100, 1, 1, 0, 0, 1, 0, 0
1635344024482, 80.97, 200, XNAS, 81.25, 100, BATS, 81.21, 1, XNAS, 21374, 1.72828e+06, 80.8592, 200, 1, 100, 1, 1, 0, 0, 1, 0, 0
1635344024482, 80.97, 200, XNAS, 81.25, 100, BATS, 81.21, 2, XNAS, 21376, 1.72845e+06, 80.8592, 200, 1, 100, 1, 1, 0, 0, 1, 0, 0
1635344024482, 80.97, 200, XNAS, 81.25, 100, BATS, 81.22, 100, XNAS, 21476, 1.73657e+06, 80.8609, 200, 1, 100, 1, 0, 1, 0, 1, 0, 0
1635344024482, 80.97, 200, XNAS, 81.25, 100, BATS, 81.22, 5, XNAS, 21481, 1.73698e+06, 80.861, 200, 1, 100, 1, 1, 0, 0, 1, 0, 0
1635344024482, 81.07, 400, XPSX, 81.25, 100, BATS, 81.24, 2, XNAS, 21483, 1.73714e+06, 80.861, 400, 1, 100, 1, 1, 0, 0, 1, 0, 0
1635344024482, 81.07, 400, XPSX, 81.25, 100, BATS, 81.24, 5, XNAS, 21488, 1.73754e+06, 80.8611, 400, 1, 100, 1, 1, 0, 0, 1, 0, 0
1635344024482, 81.07, 400, XPSX, 81.25, 100, BATS, 81.25, 2, XBOS, 21490, 1.73771e+06, 80.8612, 400, 1, 100, 1, 1, 0, 0, 1, 0, 0
1635344024482, 81.07, 400, XPSX, 81.25, 100, BATS, 81.24, 14, XNAS, 21504, 1.73884e+06, 80.8614, 400, 1, 100, 1, 1, 0, 0, 1, 0, 0
1635344024482, 81.07, 400, XPSX, 81.25, 100, BATS, 81.25, 21, XBOS, 21525, 1.74055e+06, 80.8618, 400, 1, 100, 1, 1, 0, 0, 1, 0, 0
1635344024482, 81.07, 400, XPSX, 81.25, 100, BATS, 81.26, 2, XNAS, 21527, 1.74071e+06, 80.8618, 400, 1, 100, 1, 1, 0, 0, 1, 0, 1
1635344024482, 81.15, 100, XPSX, 81.25, 100, BATS, 81.25, 100, BATS, 21627, 1.74884e+06, 80.8636, 100, 1, 100, 1, 0, 0, 0, 1, 0, 0
1635344024482, 81.15, 100, XPSX, 81.27, 100, EDGX, 81.25, 15, XBOS, 21642, 1.75006e+06, 80.8639, 100, 1, 100, 1, 1, 0, 0, 1, 0, 0
1635344024482, 81.15, 100, XPSX, 81.27, 100, EDGX, 81.25, 3, XBOS, 21645, 1.7503e+06, 80.8639, 100, 1, 100, 1, 1, 0, 0, 1, 0, 0
1635344024482, 81.15, 100, XPSX, 81.27, 100, EDGX, 81.25, 29, XBOS, 21674, 1.75266e+06, 80.8645, 100, 1, 100, 1, 1, 0, 0, 1, 0, 0
1635344024483, 81.15, 100, XPSX, 81.27, 100, EDGX, 81.25, 2, ARCX, 21676, 1.75282e+06, 80.8645, 100, 1, 100, 1, 1, 0, 0, 1, 0, 0
1635344024483, 81.15, 100, XPSX, 81.27, 100, EDGX, 81.25, 20, ARCX, 21696, 1.75444e+06, 80.8648, 100, 1, 100, 1, 1, 0, 0, 1, 0, 0
1635344024486, 81.15, 100, XPSX, 81.39, 100, XNYS, 81.27, 2, XNAS, 21698, 1.75461e+06, 80.8649, 100, 1, 100, 1, 1, 0, 1, 0, 0, 0
1635344024486, 81.15, 100, XPSX, 81.39, 100, XNYS, 81.27, 100, EDGX, 21798, 1.76273e+06, 80.8667, 100, 1, 100, 1, 0, 1, 1, 0, 0, 0
1635344024486, 81.24, 100, XNAS, 81.39, 100, XNYS, 81.22, 4, EDGA, 21802, 1.76306e+06, 80.8668, 100, 1, 100, 1, 1, 0, 0, 0, 1, 1
1635344024488, 81.15, 100, XPSX, 81.38, 200, XPSX, 81.18, 200, XADF, 22002, 1.77929e+06, 80.8697, 100, 1, 200, 1, 0, 1, 0, 0, 1, 0
1635344024499, 81.15, 100, XPSX, 81.38, 200, XPSX, 81.265, 100, IEXG, 22102, 1.78742e+06, 80.8714, 100, 1, 200, 1, 0, 1, 1, 0, 0, 0
1635344040025, 81.15, 100, XNAS, 81.39, 300, XNAS, 81.27, 10, IEXG, 22112, 1.78823e+06, 80.8716, 100, 1, 1100, 6, 1, 0, 1, 0, 0, 0
1635344043660, 81.15, 100, XNAS, 81.39, 200, IEXG, 81.27, 1, XADF, 22113, 1.78831e+06, 80.8716, 100, 1, 1000, 6, 1, 1, 1, 0, 0, 0
1635344043662, 81.15, 100, XNAS, 81.39, 200, IEXG, 81.16, 21, XADF, 22134, 1.79002e+06, 80.8719, 100, 1, 900, 6, 1, 1, 0, 0, 1, 0
1635344043726, 81.15, 100, XNAS, 81.38, 300, ARCX, 81.18, 8, IEXG, 22142, 1.79067e+06, 80.872, 100, 1, 900, 4, 1, 0, 0, 0, 1, 0
1635344043754, 81.15, 100, XNAS, 81.38, 300, ARCX, 81.17, 6, IEXG, 22148, 1.79116e+06, 80.8721, 100, 1, 900, 4, 1, 0, 0, 0, 1, 0
1635344043758, 81.15, 100, XNAS, 81.38, 300, ARCX, 81.17, 100, XNAS, 22248, 1.79927e+06, 80.8734, 100, 1, 900, 4, 0, 1, 0, 0, 1, 0
1635344076534, 81.09, 100, IEXG, 81.38, 300, XNAS, 81.15, 100, XNAS, 22348, 1.80739e+06, 80.8747, 100, 1, 700, 3, 0, 1, 0, 0, 1, 0
1635344076534, 81.09, 100, IEXG, 81.38, 300, XNAS, 81.15, 5, XNAS, 22353, 1.80779e+06, 80.8747, 100, 1, 700, 3, 1, 0, 0, 0, 1, 0
1635344076534, 81.09, 100, IEXG, 81.38, 300, XNAS, 81.15, 21, XNAS, 22374, 1.8095e+06, 80.875, 100, 1, 700, 3, 1, 0, 0, 0, 1, 0
1635344076534, 81.09, 100, IEXG, 81.38, 300, XNAS, 81.15, 5, XNAS, 22379, 1.8099e+06, 80.8751, 100, 1, 700, 3, 1, 0, 0, 0, 1, 0
1635344076534, 81.09, 100, IEXG, 81.38, 300, XNAS, 81.15, 18, XNAS, 22397, 1.81136e+06, 80.8753, 100, 1, 700, 3, 1, 0, 0, 0, 1, 0
1635344076534, 81.09, 100, IEXG, 81.38, 300, XNAS, 81.15, 5, XNAS, 22402, 1.81177e+06, 80.8753, 100, 1, 700, 3, 1, 0, 0, 0, 1, 0
1635344076534, 81.09, 100, IEXG, 81.2, 100, XNAS, 81.15, 5, BATS, 22407, 1.81218e+06, 80.8754, 100, 1, 100, 1, 1, 0, 0, 1, 0, 0
1635344076534, 81.09, 100, IEXG, 81.2, 100, XNAS, 81.15, 42, BATS, 22449, 1.81558e+06, 80.8759, 100, 1, 100, 1, 1, 0, 0, 1, 0, 0
1635344076534, 81.09, 100, IEXG, 81.2, 100, XNAS, 81.15, 5, BATS, 22454, 1.81599e+06, 80.876, 100, 1, 100, 1, 1, 0, 0, 1, 0, 0
1635344076535, 81.09, 100, IEXG, 81.2, 100, XNAS, 81.15, 4, BATS, 22458, 1.81631e+06, 80.876, 100, 1, 100, 1, 1, 0, 0, 1, 0, 0
1635344076535, 81.09, 100, IEXG, 81.2, 100, XNAS, 81.15, 1, BATS, 22459, 1.8164e+06, 80.876, 100, 1, 100, 1, 1, 0, 0, 1, 0, 0
1635344076535, 81.09, 100, IEXG, 81.2, 100, XNAS, 81.15, 29, BATS, 22488, 1.81875e+06, 80.8764, 100, 1, 100, 1, 1, 0, 0, 1, 0, 0
1635344076535, 81.09, 100, IEXG, 81.2, 100, XNAS, 81.15, 5, BATS, 22493, 1.81915e+06, 80.8765, 100, 1, 100, 1, 1, 0, 0, 1, 0, 0
1635344076535, 81.09, 100, IEXG, 81.2, 100, XNAS, 81.09, 5, XNAS, 22498, 1.81956e+06, 80.8765, 100, 1, 100, 1, 1, 0, 0, 0, 1, 0
1635344076535, 81.09, 100, IEXG, 81.2, 100, XNAS, 81.09, 39, XNAS, 22537, 1.82272e+06, 80.8769, 100, 1, 100, 1, 1, 0, 0, 0, 1, 0
1635344076535, 81.09, 100, IEXG, 81.2, 100, XNAS, 81.09, 5, XNAS, 22542, 1.82313e+06, 80.8769, 100, 1, 100, 1, 1, 0, 0, 0, 1, 0
1635344076535, 81.09, 100, IEXG, 81.2, 100, XNAS, 81.16, 6, IEXG, 22548, 1.82361e+06, 80.877, 100, 1, 100, 1, 1, 0, 0, 1, 0, 0
1635344076535, 80.97, 200, XPSX, 81.2, 100, XNAS, 81.09, 1, XNAS, 22549, 1.8237e+06, 80.877, 200, 1, 100, 1, 1, 0, 0, 1, 0, 0
1635344076535, 81, 100, BATS, 81.13, 100, XNAS, 81.13, 1, XNYS, 22552, 1.82394e+06, 80.877, 100, 1, 100, 1, 1, 0, 0, 1, 0, 0
1635344076536, 81, 100, BATS, 81.13, 100, XNAS, 81.13, 1, XNYS, 22553, 1.82402e+06, 80.877, 100, 1, 100, 1, 1, 0, 0, 1, 0, 0
1635344076536, 81, 100, BATS, 81.13, 100, XNAS, 81.13, 1, XNYS, 22564, 1.82491e+06, 80.8772, 100, 1, 300, 3, 1, 0, 0, 1, 0, 0
1635344076536, 81, 100, BATS, 81.13, 100, XNAS, 81.13, 1, XNYS, 22565, 1.82499e+06, 80.8772, 100, 1, 300, 3, 1, 0, 0, 1, 0, 0
1635344076536, 81, 100, BATS, 81.13, 100, XNAS, 81.13, 1, XNYS, 22566, 1.82507e+06, 80.8772, 100, 1, 300, 3, 1, 0, 0, 1, 0, 0
1635344076539, 81, 100, BATS, 81.13, 100, XNAS, 81.11, 93, XADF, 22659, 1.83262e+06, 80.8781, 100, 1, 300, 3, 1, 1, 0, 1, 0, 0
1635344076790, 80.97, 200, IEXG, 81.13, 100, EDGX, 81.03, 7, XNAS, 22666, 1.83318e+06, 80.8782, 600, 3, 300, 3, 1, 0, 0, 0, 1, 0
1635344077299, 80.89, 200, XCHI, 81.13, 200, IEXG, 81.01, 3, XNAS, 22670, 1.83351e+06, 80.8782, 300, 2, 800, 6, 1, 0, 1, 0, 0, 0
1635344077299, 80.89, 200, XCHI, 81.13, 200, IEXG, 81.01, 1, XNAS, 22671, 1.83359e+06, 80.8782, 300, 2, 800, 6, 1, 0, 1, 0, 0, 0
1635344116869, 80.89, 200, XNAS, 81.13, 100, ARCX, 81.07, 6, XNAS, 22677, 1.83408e+06, 80.8783, 300, 2, 100, 1, 1, 0, 0, 1, 0, 0
1635344116869, 80.89, 200, XNAS, 81.13, 100, ARCX, 81.08, 100, XNAS, 22777, 1.84218e+06, 80.8791, 300, 2, 100, 1, 0, 1, 0, 1, 0, 0
1635344116869, 80.98, 100, XNAS, 81.13, 100, ARCX, 81.08, 2, BATS, 22779, 1.84235e+06, 80.8792, 100, 1, 100, 1, 1, 0, 0, 1, 0, 0
1635344116869, 80.93, 500, XPSX, 81.13, 100, ARCX, 81.07, 3, EDGX, 22782, 1.84259e+06, 80.8792, 500, 1, 100, 1, 1, 0, 0, 1, 0, 0
1635344116869, 80.93, 500, XPSX, 81.13, 100, ARCX, 81.12, 1, XNAS, 22783, 1.84267e+06, 80.8792, 500, 1, 100, 1, 1, 0, 0, 1, 0, 0
1635344116869, 80.93, 500, XPSX, 81.13, 100, ARCX, 81.12, 1, XNAS, 22784, 1.84275e+06, 80.8792, 500, 1, 100, 1, 1, 0, 0, 1, 0, 0
1635344116869, 80.93, 500, XPSX, 81.13, 100, ARCX, 81.12, 1, XNAS, 22785, 1.84283e+06, 80.8792, 500, 1, 100, 1, 1, 0, 0, 1, 0, 0
1635344116869, 80.93, 500, XPSX, 81.13, 100, ARCX, 81.12, 1, XNAS, 22786, 1.84291e+06, 80.8792, 500, 1, 100, 1, 1, 0, 0, 1, 0, 0
1635344119884, 80.98, 400, XNAS, 81.27, 200, XCHI, 81.07, 18, XNAS, 22804, 1.84437e+06, 80.8794, 800, 3, 900, 6, 1, 0, 0, 0, 1, 0
1635344119884, 80.98, 400, XNAS, 81.27, 200, XCHI, 81.07, 9, XNAS, 22813, 1.8451e+06, 80.8795, 800, 3, 900, 6, 1, 0, 0, 0, 1, 0
1635344119884, 80.98, 400, XNAS, 81.27, 200, XCHI, 81.07, 23, XNAS, 22836, 1.84697e+06, 80.8797, 800, 3, 900, 6, 1, 0, 0, 0, 1, 0
1635344119889, 81.02, 200, XNAS, 81.26, 200, XPSX, 81.14, 1, IEXG, 22837, 1.84705e+06, 80.8797, 200, 1, 400, 2, 1, 0, 1, 0, 0, 0
1635344119890, 81.02, 200, XNAS, 81.26, 200, XPSX, 81.12, 6, XNAS, 22843, 1.84754e+06, 80.8797, 200, 1, 400, 2, 1, 0, 0, 0, 1, 0
1635344119890, 81.02, 200, XNAS, 81.26, 200, XPSX, 81.12, 3, IEXG, 22846, 1.84778e+06, 80.8798, 200, 1, 400, 2, 1, 0, 0, 0, 1, 0
1635344119890, 81.02, 200, XNAS, 81.26, 200, XPSX, 81.12, 3, IEXG, 22849, 1.84802e+06, 80.8798, 200, 1, 400, 2, 1, 0, 0, 0, 1, 0
1635344159828, 81.02, 300, XNAS, 81.26, 200, XCHI, 81.14, 10, XNAS, 22859, 1.84883e+06, 80.8799, 300, 1, 200, 1, 1, 0, 1, 0, 0, 0
1635344178298, 81.02, 200, XNAS, 81.26, 200, XCHI, 81.04, 3, IEXG, 22862, 1.84908e+06, 80.8799, 200, 1, 200, 1, 1, 0, 0, 0, 1, 0
1635344178298, 81.02, 200, XNAS, 81.26, 200, XCHI, 81.04, 4, IEXG, 22866, 1.8494e+06, 80.88, 200, 1, 200, 1, 1, 0, 0, 0, 1, 0
1635344188406, 81.02, 100, XNAS, 81.26, 300, XNAS, 81.13, 11, XADF, 22877, 1.85029e+06, 80.8801, 100, 1, 800, 4, 1, 1, 0, 0, 1, 0
1635344188425, 81.02, 100, XNAS, 81.25, 200, BATS, 81.13, 1, XADF, 22878, 1.85037e+06, 80.8801, 100, 1, 600, 3, 1, 1, 0, 0, 1, 0
1635344189069, 81.02, 200, XNAS, 81.25, 200, XCHI, 81.135, 76, XADF, 22954, 1.85654e+06, 80.8809, 200, 1, 200, 1, 1, 1, 1, 0, 0, 0
1635344208522, 81.02, 400, XNAS, 81.25, 200, XCHI, 81.025, 2, XADF, 22956, 1.8567e+06, 80.8809, 400, 1, 200, 1, 1, 1, 0, 0, 1, 0
1635344212478, 81.03, 200, XNAS, 81.26, 200, IEXG, 81.145, 10, XADF, 22966, 1.85751e+06, 80.8811, 200, 1, 700, 4, 1, 1, 1, 0, 0, 0
1635344220044, 81.03, 300, XNAS, 81.26, 200, XCHI, 81.19, 49, XADF, 23015, 1.86149e+06, 80.8817, 400, 2, 200, 1, 1, 1, 0, 1, 0, 0
1635344220058, 81.03, 300, XNAS, 81.26, 200, XCHI, 81.21, 2, XNAS, 23017, 1.86166e+06, 80.8817, 400, 2, 200, 1, 1, 0, 0, 1, 0, 0
1635344220058, 81.03, 300, XNAS, 81.26, 200, XCHI, 81.21, 4, XNAS, 23021, 1.86198e+06, 80.8818, 400, 2, 200, 1, 1, 0, 0, 1, 0, 0
1635344220058, 81.03, 300, XNAS, 81.26, 200, XCHI, 81.25, 31, XNAS, 23052, 1.8645e+06, 80.8823, 400, 2, 200, 1, 1, 0, 0, 1, 0, 0
1635344220058, 81.03, 300, XNAS, 81.26, 200, XCHI, 81.26, 14, XNAS, 23066, 1.86564e+06, 80.8825, 400, 2, 200, 1, 1, 0, 0, 1, 0, 0
1635344220059, 81.12, 200, XNAS, 81.27, 100, XBOS, 81.22, 1, IEXG, 23067, 1.86572e+06, 80.8825, 200, 1, 100, 1, 1, 0, 0, 1, 0, 0
1635344249117, 81.14, 200, XNAS, 81.35, 200, IEXG, 81.3, 100, XADF, 23167, 1.87385e+06, 80.8843, 200, 1, 600, 3, 0, 1, 0, 1, 0, 0
1635344269533, 81.14, 200, XNAS, 81.35, 300, BATS, 81.15, 2, XADF, 23169, 1.87401e+06, 80.8844, 200, 1, 700, 3, 1, 1, 0, 0, 1, 0
1635344270946, 81.14, 200, XNAS, 81.34, 300, XNAS, 81.16, 100, XNAS, 23269, 1.88213e+06, 80.8855, 200, 1, 700, 3, 0, 1, 0, 0, 1, 0
1635344270946, 81.14, 200, XNAS, 81.34, 300, XNAS, 81.14, 47, XNAS, 23316, 1.88594e+06, 80.8861, 200, 1, 700, 3, 1, 0, 0, 0, 1, 0
1635344270946, 81.14, 100, XNAS, 81.34, 300, XNAS, 81.14, 53, XNAS, 23369, 1.89024e+06, 80.8866, 100, 1, 700, 3, 1, 0, 0, 0, 1, 0
1635344270946, 81.14, 100, XNAS, 81.34, 300, XNAS, 81.14, 5, XNAS, 23374, 1.89065e+06, 80.8867, 100, 1, 700, 3, 1, 0, 0, 0, 1, 0
1635344270946, 81.03, 300, XNAS, 81.34, 300, XNAS, 81.14, 1, XNAS, 23375, 1.89073e+06, 80.8867, 400, 2, 700, 3, 1, 0, 0, 0, 1, 0
1635344270946, 81.03, 300, XNAS, 81.34, 300, XNAS, 81.14, 5, XNAS, 23380, 1.89113e+06, 80.8868, 400, 2, 700, 3, 1, 0, 0, 0, 1, 0
1635344270946, 81.03, 300, XNAS, 81.34, 300, XNAS, 81.14, 36, XNAS, 23416, 1.89405e+06, 80.8871, 400, 2, 700, 3, 1, 0, 0, 0, 1, 0
1635344270946, 81.03, 300, XNAS, 81.34, 300, XNAS, 81.14, 5, XNAS, 23421, 1.89446e+06, 80.8872, 400, 2, 700, 3, 1, 0, 0, 0, 1, 0
1635344270946, 81.03, 300, XNAS, 81.34, 300, XNAS, 81.14, 100, XNAS, 23521, 1.90257e+06, 80.8883, 400, 2, 700, 3, 0, 1, 0, 0, 1, 0
1635344270946, 81.03, 300, XNAS, 81.34, 300, XNAS, 81.14, 5, XNAS, 23526, 1.90298e+06, 80.8883, 400, 2, 700, 3, 1, 0, 0, 0, 1, 0
1635344270946, 81.03, 200, XNAS, 81.24, 200, XNAS, 81.14, 5, BATS, 23531, 1.90338e+06, 80.8884, 300, 2, 300, 2, 1, 0, 0, 1, 0, 0
1635344270946, 81.03, 200, XNAS, 81.24, 200, XNAS, 81.14, 26, BATS, 23557, 1.90549e+06, 80.8887, 300, 2, 300, 2, 1, 0, 0, 1, 0, 0
1635344270946, 81.03, 100, IEXG, 81.24, 300, XNAS, 81.14, 19, BATS, 23576, 1.90704e+06, 80.8889, 200, 2, 400, 2, 1, 0, 0, 1, 0, 0
1635344270946, 81.03, 100, IEXG, 81.24, 300, XNAS, 81.14, 5, BATS, 23581, 1.90744e+06, 80.8889, 200, 2, 400, 2, 1, 0, 0, 1, 0, 0
1635344270947, 81.03, 100, IEXG, 81.24, 300, XNAS, 81.14, 5, BATS, 23586, 1.90785e+06, 80.889, 100, 1, 400, 2, 1, 0, 0, 1, 0, 0
1635344270947, 81.03, 100, IEXG, 81.24, 300, XNAS, 81.14, 15, BATS, 23601, 1.90906e+06, 80.8891, 100, 1, 400, 2, 1, 0, 0, 1, 0, 0
1635344270947, 81.03, 100, IEXG, 81.24, 300, XNAS, 81.14, 5, BATS, 23606, 1.90947e+06, 80.8892, 100, 1, 400, 2, 1, 0, 0, 1, 0, 0
1635344270947, 81.03, 100, IEXG, 81.2, 100, MEMX, 81.16, 4, IEXG, 23610, 1.90979e+06, 80.8892, 200, 2, 100, 1, 1, 0, 0, 1, 0, 0
1635344270947, 81.03, 100, IEXG, 81.2, 100, MEMX, 81.15, 3, IEXG, 23613, 1.91004e+06, 80.8893, 200, 2, 100, 1, 1, 0, 0, 1, 0, 0
1635344270947, 80.98, 200, XPSX, 81.18, 200, XNAS, 81.14, 4, IEXG, 23617, 1.91036e+06, 80.8893, 200, 1, 200, 1, 1, 0, 0, 1, 0, 0
1635344323467, 80.93, 300, IEXG, 81.2, 200, XCHI, 81.07, 1, XNAS, 23618, 1.91044e+06, 80.8893, 500, 2, 700, 4, 1, 0, 0, 1, 0, 0
1635344337214, 81, 100, IEXG, 81.25, 200, XNAS, 81.125, 8, IEXG, 23626, 1.91109e+06, 80.8894, 100, 1, 600, 3, 1, 0, 1, 0, 0, 0
1635344391509, 80.93, 100, XNAS, 81.18, 100, XNAS, 80.945, 1, XADF, 23627, 1.91117e+06, 80.8894, 200, 2, 100, 1, 1, 1, 0, 0, 1, 0
1635344424594, 80.96, 200, XNAS, 81.16, 200, XCHI, 81.04, 1, XNAS, 23628, 1.91125e+06, 80.8894, 200, 1, 200, 1, 1, 0, 0, 0, 1, 0
1635344425027, 81.03, 200, EDGX, 81.17, 200, XCHI, 81.1, 10, XNAS, 23638, 1.91207e+06, 80.8895, 400, 3, 300, 2, 1, 0, 1, 0, 0, 0
1635344425027, 81.03, 200, EDGX, 81.17, 200, XCHI, 81.1, 8, XNAS, 23646, 1.91271e+06, 80.8896, 400, 3, 300, 2, 1, 0, 1, 0, 0, 0
1635344425027, 81.07, 100, XNAS, 81.17, 200, XCHI, 81.09, 50, BATS, 23696, 1.91677e+06, 80.89, 100, 1, 300, 2, 1, 0, 0, 0, 1, 0
1635344464966, 80.93, 100, XNYS, 81.13, 200, XNAS, 80.94, 8, IEXG, 23704, 1.91742e+06, 80.89, 300, 3, 200, 1, 1, 0, 0, 0, 1, 0
1635344513394, 80.85, 400, XNAS, 81.11, 200, XNAS, 80.865, 1, XADF, 23705, 1.9175e+06, 80.89, 700, 2, 300, 2, 1, 1, 0, 0, 1, 0
1635344514622, 80.87, 300, IEXG, 81.11, 100, XNAS, 81.11, 100, XADF, 23805, 1.92561e+06, 80.8909, 500, 2, 100, 1, 0, 1, 0, 1, 0, 0
1635344544298, 80.88, 400, XNAS, 81.16, 100, XCHI, 81.02, 1, XNAS, 23806, 1.92569e+06, 80.8909, 500, 2, 100, 1, 1, 0, 1, 0, 0, 0
1635344589423, 80.89, 300, XNAS, 81.16, 100, XCHI, 81.025, 8, XADF, 23814, 1.92634e+06, 80.891, 400, 2, 100, 1, 1, 1, 1, 0, 0, 0
1635344605298, 80.89, 100, IEXG, 81.14, 200, XCHI, 81.02, 3, XNAS, 23817, 1.92658e+06, 80.891, 200, 2, 400, 2, 1, 0, 0, 1, 0, 0
1635344605298, 80.89, 100, IEXG, 81.14, 200, XCHI, 81.03, 100, XNAS, 23917, 1.93468e+06, 80.8916, 200, 2, 400, 2, 0, 1, 0, 1, 0, 0
1635344625446, 80.95, 300, XNAS, 81.21, 100, EDGX, 81.14, 31, XNAS, 23948, 1.9372e+06, 80.8919, 400, 2, 200, 2, 1, 0, 0, 1, 0, 0
1635344625446, 80.95, 300, XNAS, 81.21, 100, EDGX, 81.14, 69, XNAS, 24017, 1.9428e+06, 80.8926, 400, 2, 200, 2, 1, 0, 0, 1, 0, 0
1635344625446, 80.99, 100, XPSX, 81.21, 100, EDGX, 81.14, 31, XNAS, 24048, 1.94531e+06, 80.8929, 100, 1, 100, 1, 1, 0, 0, 1, 0, 0
1635344625446, 80.99, 100, XPSX, 81.21, 100, EDGX, 81.14, 3, XNAS, 24051, 1.94556e+06, 80.893, 100, 1, 100, 1, 1, 0, 0, 1, 0, 0
1635344625446, 80.99, 100, XPSX, 81.21, 100, EDGX, 81.14, 11, XNAS, 24062, 1.94645e+06, 80.8931, 100, 1, 100, 1, 1, 0, 0, 1, 0, 0
1635344625454, 81.07, 200, EDGX, 81.27, 100, BATS, 81.17, 1, IEXG, 24063, 1.94653e+06, 80.8931, 400, 3, 100, 1, 1, 0, 1, 0, 0, 0
1635344625454, 81.07, 200, EDGX, 81.27, 100, BATS, 81.14, 1, BATS, 24064, 1.94661e+06, 80.8931, 400, 3, 100, 1, 1, 0, 0, 0, 1, 0
1635344625454, 81.11, 100, XNAS, 81.27, 100, BATS, 81.17, 3, IEXG, 24067, 1.94685e+06, 80.8931, 100, 1, 100, 1, 1, 0, 0, 0, 1, 0
1635344625455, 81.11, 100, XNAS, 81.27, 100, BATS, 81.15, 20, XNYS, 24087, 1.94848e+06, 80.8933, 100, 1, 100, 1, 1, 0, 0, 0, 1, 0
1635344625455, 81.11, 100, XNAS, 81.27, 100, BATS, 81.19, 3, IEXG, 24090, 1.94872e+06, 80.8934, 100, 1, 100, 1, 1, 0, 1, 0, 0, 0
1635344625455, 81.11, 100, XNAS, 81.26, 100, BATS, 81.185, 3, IEXG, 24093, 1.94896e+06, 80.8934, 100, 1, 100, 1, 1, 0, 1, 0, 0, 0
1635344625456, 81.11, 100, XNAS, 81.26, 100, BATS, 81.185, 100, IEXG, 24193, 1.95708e+06, 80.8946, 100, 1, 100, 1, 0, 1, 1, 0, 0, 0
1635344625463, 81.12, 100, XNAS, 81.26, 100, BATS, 81.16, 100, ARCX, 24293, 1.9652e+06, 80.8957, 100, 1, 100, 1, 0, 1, 0, 0, 1, 0
1635344625497, 81.13, 100, XNAS, 81.29, 100, XPSX, 81.21, 3, XNAS, 24296, 1.96544e+06, 80.8957, 100, 1, 200, 2, 1, 0, 1, 0, 0, 0
1635344625507, 81.19, 100, EDGX, 81.29, 100, XPSX, 81.19, 100, XNAS, 24396, 1.97356e+06, 80.897, 200, 2, 200, 2, 0, 1, 0, 0, 1, 0
1635344625507, 81.19, 100, BATS, 81.29, 100, XPSX, 81.19, 100, EDGX, 24496, 1.98168e+06, 80.8981, 100, 1, 200, 2, 0, 1, 0, 0, 1, 0
1635344625507, 81.19, 100, BATS, 81.29, 100, XPSX, 81.19, 94, BATS, 24590, 1.98931e+06, 80.8993, 100, 1, 200, 2, 1, 0, 0, 0, 1, 0
1635344625507, 81.18, 100, XNAS, 81.29, 100, XPSX, 81.19, 6, BATS, 24596, 1.9898e+06, 80.8993, 100, 1, 200, 2, 1, 0, 0, 0, 1, 0
1635344625507, 81.2, 100, BATS, 81.29, 100, XPSX, 81.2, 100, BATS, 24696, 1.99792e+06, 80.9006, 100, 1, 200, 2, 0, 0, 0, 0, 1, 0
1635344625507, 81.18, 100, XNAS, 81.29, 100, XPSX, 81.18, 21, EDGX, 24717, 1.99962e+06, 80.9008, 100, 1, 200, 2, 1, 0, 0, 0, 1, 0
1635344625511, 81.12, 100, XNAS, 81.29, 100, XPSX, 81.2, 100, XNAS, 24817, 2.00774e+06, 80.902, 100, 1, 200, 2, 0, 1, 0, 0, 1, 0
1635344625512, 81.19, 100, EDGX, 81.29, 100, XPSX, 81.2, 2, XNAS, 24819, 2.00791e+06, 80.902, 200, 2, 200, 2, 1, 0, 0, 0, 1, 0
1635344625518, 81.19, 100, EDGX, 81.29, 100, XPSX, 81.24, 7, XNAS, 24826, 2.00848e+06, 80.9021, 200, 2, 200, 2, 1, 0, 1, 0, 0, 0
1635344625518, 81.19, 100, EDGX, 81.29, 100, XPSX, 81.24, 11, XNAS, 24837, 2.00937e+06, 80.9023, 200, 2, 200, 2, 1, 0, 1, 0, 0, 0
1635344625518, 81.21, 100, XNAS, 81.29, 100, XPSX, 81.26, 9, XNAS, 24846, 2.0101e+06, 80.9024, 100, 1, 200, 2, 1, 0, 0, 1, 0, 0
1635344625518, 81.21, 100, XNAS, 81.29, 100, ARCX, 81.29, 100, XPSX, 24946, 2.01823e+06, 80.9039, 100, 1, 100, 1, 0, 1, 0, 1, 0, 0
1635344625518, 81.21, 100, XNAS, 81.29, 100, ARCX, 81.29, 100, ARCX, 25046, 2.02636e+06, 80.9055, 100, 1, 100, 1, 0, 0, 0, 1, 0, 0
1635344627531, 81.2, 100, EDGX, 81.34, 200, XCHI, 81.27, 8, XADF, 25054, 2.02701e+06, 80.9056, 100, 1, 600, 3, 1, 1, 1, 0, 0, 0
1635344652496, 81.13, 300, XNAS, 81.29, 100, XNAS, 81.21, 2, XADF, 25056, 2.02717e+06, 80.9056, 400, 2, 100, 1, 1, 1, 1, 0, 0, 0
1635344666298, 81.14, 100, IEXG, 81.34, 200, XCHI, 81.24, 3, XNAS, 25059, 2.02742e+06, 80.9057, 100, 1, 300, 2, 1, 0, 1, 0, 0, 0
1635344696504, 81.14, 200, XNAS, 81.33, 200, IEXG, 81.235, 100, XADF, 25159, 2.03554e+06, 80.907, 300, 2, 500, 3, 0, 1, 1, 0, 0, 0
1635344696512, 81.14, 200, XNAS, 81.33, 200, IEXG, 81.235, 10, IEXG, 25169, 2.03635e+06, 80.9071, 300, 2, 500, 3, 1, 0, 1, 0, 0, 0
1635344696512, 81.14, 200, XNAS, 81.33, 200, IEXG, 81.235, 90, IEXG, 25259, 2.04366e+06, 80.9083, 300, 2, 500, 3, 1, 0, 1, 0, 0, 0
1635344705618, 81.14, 200, XNAS, 81.33, 200, IEXG, 81.29, 2, XNAS, 25261, 2.04382e+06, 80.9083, 400, 3, 600, 4, 1, 0, 0, 1, 0, 0
1635344726004, 81.14, 100, BATS, 81.33, 200, XCHI, 81.1785, 100, XADF, 25261, 2.04382e+06, 80.9083, 200, 2, 500, 3, 0, 1, 0, 0, 1, 0
1635344727597, 81.14, 100, BATS, 81.29, 200, XCHI, 81.177, 8, XADF, 25269, 2.04447e+06, 80.9084, 100, 1, 500, 3, 1, 1, 0, 0, 1, 0
1635344757476, 81.14, 100, BATS, 81.28, 100, XNAS, 81.14, 2, XADF, 25271, 2.04464e+06, 80.9084, 100, 1, 200, 2, 1, 1, 0, 0, 1, 0
1635344758271, 81.14, 100, BATS, 81.28, 100, XNAS, 81.28, 100, XADF, 25371, 2.05276e+06, 80.9099, 100, 1, 200, 2, 0, 1, 0, 1, 0, 0
1635344768356, 81.14, 100, BATS, 81.28, 100, XNAS, 81.2606, 1, XADF, 25372, 2.05285e+06, 80.9099, 200, 2, 100, 1, 1, 1, 0, 1, 0, 0
1635344768356, 81.14, 100, BATS, 81.34, 100, XNAS, 81.28, 100, XNAS, 25472, 2.06097e+06, 80.9113, 200, 2, 100, 1, 0, 1, 0, 1, 0, 0
1635344768356, 81.17, 200, XPSX, 81.34, 100, XNAS, 81.29, 5, XNAS, 25477, 2.06138e+06, 80.9114, 200, 1, 100, 1, 1, 0, 0, 1, 0, 0
1635344768357, 81.17, 600, XPSX, 81.4, 100, BATS, 81.28, 1, ARCX, 25478, 2.06146e+06, 80.9114, 600, 1, 100, 1, 1, 0, 0, 0, 1, 0
1635344768357, 81.17, 600, XPSX, 81.4, 100, BATS, 81.29, 9, XCIS, 25487, 2.06219e+06, 80.9116, 600, 1, 100, 1, 1, 0, 0, 1, 0, 0
1635344768357, 81.17, 600, XPSX, 81.4, 100, BATS, 81.29, 1, XCIS, 25488, 2.06227e+06, 80.9116, 600, 1, 100, 1, 1, 0, 0, 1, 0, 0
1635344768357, 81.17, 600, XPSX, 81.4, 100, BATS, 81.32, 4, MEMX, 25492, 2.0626e+06, 80.9116, 600, 1, 100, 1, 1, 0, 0, 1, 0, 0
1635344768357, 81.17, 600, XPSX, 81.4, 100, BATS, 81.32, 5, MEMX, 25497, 2.06301e+06, 80.9117, 600, 1, 100, 1, 1, 0, 0, 1, 0, 0
1635344819732, 81.22, 200, XNAS, 81.39, 300, XNAS, 81.305, 8, IEXG, 25505, 2.06366e+06, 80.9118, 200, 1, 300, 1, 1, 0, 1, 0, 0, 0
1635344832148, 81.22, 200, XNAS, 81.39, 300, XNAS, 81.305, 2, IEXG, 25507, 2.06382e+06, 80.9119, 200, 1, 300, 1, 1, 0, 1, 0, 0, 0
1635344832161, 81.22, 200, XNAS, 81.39, 300, XNAS, 81.305, 20, XADF, 25527, 2.06545e+06, 80.9122, 200, 1, 300, 1, 1, 1, 1, 0, 0, 0
1635344832176, 81.22, 200, XNAS, 81.39, 300, XNAS, 81.305, 10, XADF, 25537, 2.06626e+06, 80.9123, 200, 1, 300, 1, 1, 1, 1, 0, 0, 0
1635344839067, 81.22, 200, XNAS, 81.39, 200, XNAS, 81.23, 100, XNAS, 25637, 2.07438e+06, 80.9136, 200, 1, 500, 4, 0, 1, 0, 0, 1, 0
1635344840395, 81.22, 200, XNAS, 81.39, 200, XNAS, 81.22, 5, XNAS, 25642, 2.07479e+06, 80.9136, 200, 1, 500, 4, 1, 0, 0, 0, 1, 0
1635344840395, 81.22, 200, XNAS, 81.39, 200, XNAS, 81.22, 95, XNAS, 25737, 2.0825e+06, 80.9148, 200, 1, 500, 4, 1, 0, 0, 0, 1, 0
1635344840396, 81.22, 100, XNAS, 81.38, 200, XPSX, 81.3, 10, IEXG, 25747, 2.08332e+06, 80.9149, 100, 1, 200, 1, 1, 0, 1, 0, 0, 0
1635344840397, 81.22, 100, XNAS, 81.38, 200, XPSX, 81.28, 3, IEXG, 25750, 2.08356e+06, 80.915, 100, 1, 200, 1, 1, 0, 0, 0, 1, 0
1635344840397, 81.22, 100, XNAS, 81.38, 200, XPSX, 81.28, 3, IEXG, 25753, 2.0838e+06, 80.915, 100, 1, 200, 1, 1, 0, 0, 0, 1, 0
1635344840398, 81.22, 100, XNAS, 81.38, 200, XPSX, 81.28, 3, IEXG, 25756, 2.08405e+06, 80.915, 100, 1, 200, 1, 1, 0, 0, 0, 1, 0
1635344840398, 81.22, 100, XNAS, 81.38, 200, XPSX, 81.28, 1, IEXG, 25757, 2.08413e+06, 80.9151, 100, 1, 200, 1, 1, 0, 0, 0, 1, 0
1635344842518, 81.22, 200, XNAS, 81.39, 200, XNAS, 81.3, 1, XNAS, 25758, 2.08421e+06, 80.9151, 200, 1, 500, 4, 1, 0, 0, 0, 1, 0
1635344846607, 81.22, 100, XNAS, 81.34, 100, XNAS, 81.22, 5, XNAS, 25763, 2.08462e+06, 80.9151, 100, 1, 100, 1, 1, 0, 0, 0, 1, 0
1635344846607, 81.08, 100, XNAS, 81.34, 100, XNAS, 81.22, 5, XNAS, 25768, 2.08502e+06, 80.9152, 100, 1, 100, 1, 1, 0, 0, 1, 0, 0
1635344846607, 81.08, 100, XNAS, 81.34, 100, XNAS, 81.22, 21, XNAS, 25789, 2.08673e+06, 80.9154, 100, 1, 100, 1, 1, 0, 0, 1, 0, 0
1635344846607, 81.08, 100, XNAS, 81.34, 100, XNAS, 81.22, 5, XNAS, 25794, 2.08713e+06, 80.9155, 100, 1, 100, 1, 1, 0, 0, 1, 0, 0
1635344846607, 81.08, 100, XNAS, 81.34, 100, XNAS, 81.22, 5, XNAS, 25799, 2.08754e+06, 80.9156, 100, 1, 100, 1, 1, 0, 0, 1, 0, 0
1635344846607, 81.08, 100, XNAS, 81.34, 100, XNAS, 81.22, 59, XNAS, 25858, 2.09233e+06, 80.9163, 100, 1, 100, 1, 1, 0, 0, 1, 0, 0
1635344846607, 81.08, 400, XNAS, 81.31, 100, XPSX, 81.22, 41, XNAS, 25899, 2.09566e+06, 80.9167, 400, 1, 100, 1, 1, 0, 0, 1, 0, 0
1635344846608, 81.08, 400, XNAS, 81.31, 200, XPSX, 81.27, 100, XNAS, 25999, 2.10379e+06, 80.9181, 400, 1, 200, 1, 0, 1, 0, 1, 0, 0
1635344847024, 81.13, 300, XNAS, 81.33, 200, IEXG, 81.23, 2, XNAS, 26001, 2.10395e+06, 80.9181, 300, 1, 500, 4, 1, 0, 1, 0, 0, 0
1635344855935, 81.13, 100, XNAS, 81.33, 300, IEXG, 81.15, 6, XNAS, 26007, 2.10444e+06, 80.9182, 100, 1, 800, 5, 1, 0, 0, 0, 1, 0
1635344855935, 81.13, 100, XNAS, 81.33, 300, IEXG, 81.14, 94, XNAS, 26101, 2.11207e+06, 80.919, 100, 1, 800, 5, 1, 0, 0, 0, 1, 0
1635344871167, 81.2, 300, BATS, 81.32, 200, ARCX, 81.26, 100, IEXG, 26201, 2.12019e+06, 80.9203, 600, 3, 600, 4, 0, 1, 1, 0, 0, 0
1635344871167, 81.2, 300, BATS, 81.32, 200, ARCX, 81.2, 100, XADF, 26301, 2.12831e+06, 80.9213, 600, 3, 600, 4, 0, 1, 0, 0, 1, 0
1635344873770, 81.2, 300, BATS, 81.32, 200, XNAS, 81.26, 100, IEXG, 26401, 2.13644e+06, 80.9226, 700, 4, 600, 4, 0, 1, 1, 0, 0, 0
1635344873770, 81.2, 300, BATS, 81.32, 200, XNAS, 81.2, 100, XADF, 26501, 2.14456e+06, 80.9237, 700, 4, 600, 4, 0, 1, 0, 0, 1, 0
1635344873903, 81.2, 300, BATS, 81.31, 100, XNAS, 81.29, 100, EDGA, 26601, 2.15269e+06, 80.925, 700, 4, 100, 1, 0, 1, 0, 1, 0, 0
1635344875065, 81.2, 300, BATS, 81.31, 100, XNAS, 81.21, 76, XNAS, 26677, 2.15886e+06, 80.9259, 700, 4, 100, 1, 1, 0, 0, 0, 1, 0
1635344875393, 81.2, 300, BATS, 81.32, 300, ARCX, 81.2, 17, EDGA, 26694, 2.16024e+06, 80.926, 700, 4, 800, 4, 1, 0, 0, 0, 1, 0
1635344875393, 81.2, 300, BATS, 81.32, 300, ARCX, 81.2, 16, EDGA, 26710, 2.16154e+06, 80.9262, 700, 4, 800, 4, 1, 0, 0, 0, 1, 0
1635344875393, 81.2, 300, BATS, 81.32, 300, ARCX, 81.2, 8, EDGA, 26718, 2.16219e+06, 80.9263, 700, 4, 800, 4, 1, 0, 0, 0, 1, 0
1635344875394, 81.2, 300, BATS, 81.32, 300, ARCX, 81.2, 4, EDGA, 26722, 2.16251e+06, 80.9263, 700, 4, 800, 4, 1, 0, 0, 0, 1, 0
1635344875394, 81.2, 300, BATS, 81.32, 300, ARCX, 81.2, 63, EDGA, 26785, 2.16763e+06, 80.927, 700, 4, 800, 4, 1, 0, 0, 0, 1, 0
1635344875394, 81.2, 300, BATS, 81.32, 300, ARCX, 81.2, 9, EDGA, 26794, 2.16836e+06, 80.9271, 700, 4, 800, 4, 1, 0, 0, 0, 1, 0
1635344875394, 81.2, 300, BATS, 81.32, 300, ARCX, 81.2, 9, EDGA, 26803, 2.16909e+06, 80.9271, 700, 4, 800, 4, 1, 0, 0, 0, 1, 0
1635344875394, 81.2, 300, BATS, 81.32, 300, ARCX, 81.2, 11, EDGA, 26814, 2.16998e+06, 80.9273, 700, 4, 800, 4, 1, 0, 0, 0, 1, 0
1635344875394, 81.2, 300, BATS, 81.32, 300, ARCX, 81.2, 1, EDGA, 26815, 2.17006e+06, 80.9273, 700, 4, 800, 4, 1, 0, 0, 0, 1, 0
1635344875394, 81.2, 300, BATS, 81.32, 300, ARCX, 81.2, 1, EDGA, 26816, 2.17015e+06, 80.9273, 700, 4, 800, 4, 1, 0, 0, 0, 1, 0
1635344875394, 81.2, 300, BATS, 81.32, 300, ARCX, 81.2, 1, EDGA, 26817, 2.17023e+06, 80.9273, 700, 4, 800, 4, 1, 0, 0, 0, 1, 0
1635344875394, 81.2, 300, BATS, 81.32, 300, ARCX, 81.2, 8, EDGA, 26825, 2.17088e+06, 80.9274, 700, 4, 800, 4, 1, 0, 0, 0, 1, 0
1635344875394, 81.2, 300, BATS, 81.32, 400, XNAS, 81.2, 1, EDGA, 26826, 2.17096e+06, 80.9274, 700, 4, 900, 4, 1, 0, 0, 0, 1, 0
1635344875394, 81.2, 300, BATS, 81.32, 400, XNAS, 81.2, 1, EDGA, 26827, 2.17104e+06, 80.9274, 700, 4, 900, 4, 1, 0, 0, 0, 1, 0
1635344875403, 81.2, 300, BATS, 81.31, 200, IEXG, 81.21, 100, XNAS, 26927, 2.17916e+06, 80.9284, 700, 4, 300, 2, 0, 1, 0, 0, 1, 0
1635344876679, 81.2, 300, BATS, 81.21, 100, XPSX, 81.21, 210, XNAS, 27137, 2.19621e+06, 80.9306, 700, 4, 100, 1, 0, 1, 0, 1, 0, 0
1635344876679, 81.2, 300, BATS, 81.32, 200, ARCX, 81.2, 100, XPSX, 27237, 2.20433e+06, 80.9316, 700, 4, 600, 4, 0, 1, 0, 0, 1, 0
1635344876680, 81.2, 300, BATS, 81.31, 100, XNAS, 81.2, 300, BATS, 27537, 2.22869e+06, 80.9345, 600, 4, 100, 1, 0, 0, 0, 0, 1, 0
1635344876680, 81.2, 300, BATS, 81.31, 200, XNAS, 81.2, 27, BATS, 27564, 2.23089e+06, 80.9348, 600, 4, 200, 1, 1, 0, 0, 0, 1, 0
1635344876680, 81.2, 300, BATS, 81.31, 200, XNAS, 81.2, 100, EDGA, 27664, 2.23901e+06, 80.9357, 600, 4, 200, 1, 0, 0, 0, 0, 1, 0
1635344876680, 81.2, 300, BATS, 81.31, 200, XNAS, 81.2, 100, BATY, 27764, 2.24713e+06, 80.9367, 600, 4, 200, 1, 0, 0, 0, 0, 1, 0
1635344876680, 81.2, 300, BATS, 81.31, 200, XNAS, 81.2, 11, EDGA, 27775, 2.24802e+06, 80.9368, 600, 4, 300, 2, 1, 0, 0, 0, 1, 0
1635344876680, 81.2, 300, BATS, 81.31, 200, XNAS, 81.2, 100, EDGA, 27875, 2.25614e+06, 80.9377, 600, 4, 300, 2, 0, 0, 0, 0, 1, 0
1635344876681, 81.2, 300, BATS, 81.31, 200, XNAS, 81.21, 100, XNAS, 27975, 2.26426e+06, 80.9387, 600, 4, 600, 4, 0, 1, 0, 0, 1, 0
1635344876681, 81.2, 300, BATS, 81.31, 200, IEXG, 81.21, 14, XNAS, 27989, 2.2654e+06, 80.9389, 500, 3, 600, 4, 1, 0, 0, 0, 1, 0
1635344876681, 81.2, 300, BATS, 81.31, 200, IEXG, 81.2, 100, XNAS, 28089, 2.27352e+06, 80.9398, 500, 3, 600, 4, 0, 1, 0, 0, 1, 0
1635344876681, 81.2, 300, BATS, 81.31, 200, IEXG, 81.2, 5, XNAS, 28094, 2.27392e+06, 80.9398, 500, 3, 600, 4, 1, 0, 0, 0, 1, 0
1635344876681, 81.2, 300, BATS, 81.31, 200, IEXG, 81.2, 58, XNAS, 28152, 2.27863e+06, 80.9404, 500, 3, 600, 4, 1, 0, 0, 0, 1, 0
1635344876681, 81.2, 300, BATS, 81.31, 200, IEXG, 81.2, 6, XNAS, 28158, 2.27912e+06, 80.9404, 500, 3, 600, 4, 1, 0, 0, 0, 1, 0
1635344876681, 81.2, 100, EDGA, 81.31, 200, IEXG, 81.2, 100, BATY, 28258, 2.28724e+06, 80.9413, 300, 3, 600, 4, 0, 0, 0, 0, 1, 0
1635344876681, 81.2, 100, EDGA, 81.31, 200, IEXG, 81.2, 300, BATS, 28558, 2.3116e+06, 80.9441, 300, 3, 600, 4, 0, 0, 0, 0, 1, 0
1635344876681, 81.2, 100, EDGA, 81.31, 200, IEXG, 81.2, 100, EDGA, 28658, 2.31972e+06, 80.945, 300, 3, 600, 4, 0, 0, 0, 0, 1, 0
1635344876681, 81.2, 100, EDGA, 81.31, 200, IEXG, 81.2, 100, EDGA, 28758, 2.32784e+06, 80.9458, 300, 3, 600, 4, 0, 0, 0, 0, 1, 0
1635344876681, 81.2, 100, EDGA, 81.28, 100, XPSX, 81.2, 9, XNAS, 28767, 2.32857e+06, 80.9459, 400, 4, 100, 1, 1, 0, 0, 0, 1, 0
1635344876681, 81.2, 100, EDGA, 81.28, 100, XPSX, 81.2, 5, XNAS, 28772, 2.32898e+06, 80.946, 400, 4, 100, 1, 1, 0, 0, 0, 1, 0
1635344876681, 81.2, 100, EDGA, 81.28, 100, XPSX, 81.2, 14, XNAS, 28786, 2.33011e+06, 80.9461, 300, 3, 100, 1, 1, 0, 0, 0, 1, 0
1635344876681, 81.2, 100, EDGA, 81.28, 100, XPSX, 81.2, 100, BATY, 28886, 2.33823e+06, 80.947, 300, 3, 100, 1, 0, 0, 0, 0, 1, 0
1635344876681, 81.2, 100, EDGA, 81.28, 100, XPSX, 81.2, 100, EDGA, 28986, 2.34635e+06, 80.9478, 300, 3, 100, 1, 0, 0, 0, 0, 1, 0
1635344876682, 81.2, 100, BATY, 81.28, 100, XPSX, 81.2, 11, BATS, 28997, 2.34725e+06, 80.9479, 300, 3, 100, 1, 1, 0, 0, 0, 1, 0
1635344876682, 81.2, 100, BATY, 81.28, 100, XPSX, 81.2, 86, XNAS, 29083, 2.35423e+06, 80.9487, 300, 3, 100, 1, 1, 0, 0, 0, 1, 0
1635344876682, 81.2, 100, BATY, 81.28, 100, XPSX, 81.2, 14, XNAS, 29097, 2.35537e+06, 80.9488, 200, 2, 100, 1, 1, 0, 0, 0, 1, 0
1635344876682, 81.2, 100, BATY, 81.28, 100, XPSX, 81.2, 86, XNAS, 29183, 2.36235e+06, 80.9495, 200, 2, 100, 1, 1, 0, 0, 0, 1, 0
1635344876682, 81.2, 100, BATY, 81.28, 100, XPSX, 81.2, 14, XNAS, 29197, 2.36349e+06, 80.9497, 200, 2, 100, 1, 1, 0, 0, 0, 1, 0
1635344876682, 81.2, 100, BATY, 81.28, 100, XPSX, 81.2, 86, XNAS, 29283, 2.37047e+06, 80.9504, 200, 2, 100, 1, 1, 0, 0, 0, 1, 0
1635344876682, 81.2, 100, BATY, 81.28, 100, XPSX, 81.2, 14, XNAS, 29297, 2.37161e+06, 80.9505, 200, 2, 100, 1, 1, 0, 0, 0, 1, 0
1635344876792, 81.2, 100, BATY, 81.28, 100, XPSX, 81.24, 100, IEXG, 29397, 2.37973e+06, 80.9515, 300, 3, 100, 1, 0, 1, 1, 0, 0, 0
1635344876796, 81.2, 200, BATS, 81.3, 100, BATS, 81.25, 100, XADF, 29497, 2.38786e+06, 80.9525, 500, 3, 200, 2, 0, 1, 1, 0, 0, 0
1635344876922, 81.2, 200, BATS, 81.3, 100, BATS, 81.2, 61, BATY, 29558, 2.39281e+06, 80.953, 500, 3, 200, 2, 1, 0, 0, 0, 1, 0
1635344876922, 81.2, 200, BATS, 81.3, 100, BATS, 81.2, 39, EDGA, 29597, 2.39598e+06, 80.9533, 500, 3, 200, 2, 1, 0, 0, 0, 1, 0
1635344879059, 81.21, 200, XNAS, 81.46, 200, XCHI, 81.3, 1, EDGX, 29598, 2.39606e+06, 80.9534, 200, 1, 500, 3, 1, 0, 0, 0, 1, 0
1635344879059, 81.21, 200, XNAS, 81.46, 200, XCHI, 81.32, 3, BATS, 29601, 2.3963e+06, 80.9534, 200, 1, 500, 3, 1, 0, 0, 0, 1, 0
1635344879059, 81.21, 200, XNAS, 81.46, 200, XCHI, 81.33, 3, BATS, 29604, 2.39655e+06, 80.9534, 200, 1, 500, 3, 1, 0, 0, 0, 1, 0
1635344879059, 81.21, 200, XNAS, 81.46, 200, XCHI, 81.31, 1, ARCX, 29605, 2.39663e+06, 80.9534, 200, 1, 500, 3, 1, 0, 0, 0, 1, 0
1635344886201, 81.2, 100, EDGA, 81.45, 200, XCHI, 81.25, 100, XNAS, 29705, 2.40475e+06, 80.9544, 100, 1, 600, 3, 0, 1, 0, 0, 1, 0
1635344887921, 81.2, 100, EDGA, 81.44, 200, XCHI, 81.25, 600, XNAS, 30305, 2.4535e+06, 80.9603, 100, 1, 200, 1, 0, 1, 0, 0, 1, 0
1635344888835, 81.2, 200, XNAS, 81.43, 200, XCHI, 81.43, 100, XADF, 30405, 2.46164e+06, 80.9618, 300, 2, 200, 1, 0, 1, 0, 1, 0, 0
1635344890508, 81.2, 200, XNAS, 81.43, 200, XCHI, 81.39, 8, XNAS, 30413, 2.4623e+06, 80.962, 300, 2, 200, 1, 1, 0, 0, 1, 0, 0
1635344890508, 81.2, 200, XNAS, 81.43, 200, XCHI, 81.39, 16, XNAS, 30429, 2.4636e+06, 80.9622, 300, 2, 200, 1, 1, 0, 0, 1, 0, 0
1635344890508, 81.2, 200, XNAS, 81.43, 200, XCHI, 81.41, 8, XNAS, 30437, 2.46425e+06, 80.9623, 300, 2, 200, 1, 1, 0, 0, 1, 0, 0
1635344890509, 81.29, 100, XNAS, 81.45, 100, XNAS, 81.43, 32, XADF, 30469, 2.46686e+06, 80.9628, 100, 1, 100, 1, 1, 1, 0, 1, 0, 0
1635344891032, 81.2, 400, XNAS, 81.45, 200, XNAS, 81.34, 200, XADF, 30669, 2.48312e+06, 80.9652, 900, 4, 300, 2, 0, 1, 0, 1, 0, 0
1635344892623, 81.3, 100, EDGA, 81.45, 100, XNAS, 81.41, 66, XNAS, 30735, 2.4885e+06, 80.9662, 200, 2, 100, 1, 1, 0, 0, 1, 0, 0
1635344892623, 81.3, 100, EDGA, 81.47, 100, ARCX, 81.41, 6, XNAS, 30741, 2.48898e+06, 80.9663, 200, 2, 100, 1, 1, 0, 0, 1, 0, 0
1635344892624, 81.3, 100, EDGA, 81.47, 100, ARCX, 81.41, 6, XNAS, 30747, 2.48947e+06, 80.9664, 200, 2, 100, 1, 1, 0, 0, 1, 0, 0
1635344892624, 81.3, 100, EDGA, 81.47, 100, ARCX, 81.44, 34, ARCX, 30781, 2.49224e+06, 80.9669, 200, 2, 100, 1, 1, 0, 0, 1, 0, 0
1635344897013, 81.31, 200, ARCX, 81.48, 100, XNAS, 81.4473, 200, XADF, 30981, 2.50853e+06, 80.97, 500, 4, 100, 1, 0, 1, 0, 1, 0, 0
1635344897016, 81.32, 100, XNAS, 81.48, 100, XNAS, 81.395, 200, XADF, 31181, 2.52481e+06, 80.9727, 100, 1, 100, 1, 0, 1, 0, 0, 1, 0
1635344903264, 81.32, 200, XNAS, 81.48, 100, XNAS, 81.4, 100, XNAS, 31281, 2.53295e+06, 80.9741, 500, 4, 100, 1, 0, 1, 1, 0, 0, 0
1635344903264, 81.32, 200, XNAS, 81.48, 100, XNAS, 81.4, 6, XNAS, 31287, 2.53344e+06, 80.9742, 500, 4, 100, 1, 1, 0, 1, 0, 0, 0
1635344903264, 81.32, 200, XNAS, 81.48, 100, XNAS, 81.4, 66, XNAS, 31353, 2.53881e+06, 80.9751, 500, 4, 100, 1, 1, 0, 1, 0, 0, 0
1635344903264, 81.32, 200, XNAS, 81.48, 100, XNAS, 81.4, 6, XNAS, 31359, 2.5393e+06, 80.9752, 500, 4, 100, 1, 1, 0, 1, 0, 0, 0
1635344903264, 81.34, 100, XNAS, 81.48, 100, XNAS, 81.4, 6, XNAS, 31365, 2.53979e+06, 80.9752, 100, 1, 100, 1, 1, 0, 0, 0, 1, 0
1635344903264, 81.34, 100, XNAS, 81.48, 100, XNAS, 81.4, 6, XNAS, 31371, 2.54028e+06, 80.9753, 100, 1, 100, 1, 1, 0, 0, 0, 1, 0
1635344903264, 81.34, 100, XNAS, 81.48, 100, XNAS, 81.4, 6, XNAS, 31377, 2.54076e+06, 80.9754, 100, 1, 100, 1, 1, 0, 0, 0, 1, 0
1635344903264, 81.34, 100, XNAS, 81.48, 100, XNAS, 81.4, 6, XNAS, 31383, 2.54125e+06, 80.9755, 100, 1, 100, 1, 1, 0, 0, 0, 1, 0
1635344903264, 81.34, 100, XNAS, 81.48, 100, XNAS, 81.4, 100, XNAS, 31483, 2.54939e+06, 80.9768, 100, 1, 100, 1, 0, 1, 0, 0, 1, 0
1635344903264, 81.34, 100, XNAS, 81.48, 100, XNAS, 81.4, 14, XNAS, 31497, 2.55053e+06, 80.977, 100, 1, 100, 1, 1, 0, 0, 0, 1, 0
1635344903264, 81.34, 100, XNAS, 81.48, 100, XNAS, 81.4, 45, XNAS, 31542, 2.5542e+06, 80.9776, 100, 1, 100, 1, 1, 0, 0, 0, 1, 0
1635344903264, 81.34, 100, XNAS, 81.48, 100, XNAS, 81.41, 6, XNAS, 31548, 2.55468e+06, 80.9777, 100, 1, 100, 1, 1, 0, 1, 0, 0, 0
1635344903265, 81.34, 100, XNAS, 81.48, 100, XNAS, 81.45, 2, BATS, 31550, 2.55485e+06, 80.9777, 100, 1, 100, 1, 1, 0, 0, 1, 0, 0
1635344903265, 81.34, 100, XNAS, 81.48, 200, XNAS, 81.45, 18, BATS, 31568, 2.55631e+06, 80.978, 100, 1, 200, 1, 1, 0, 0, 1, 0, 0
1635344903265, 81.34, 100, XNAS, 81.48, 100, XNAS, 81.41, 8, XNAS, 31576, 2.55696e+06, 80.9781, 100, 1, 100, 1, 1, 0, 1, 0, 0, 0
1635344903265, 81.34, 200, XNAS, 81.48, 100, XNAS, 81.45, 31, ARCX, 31607, 2.55949e+06, 80.9786, 200, 1, 100, 1, 1, 0, 0, 1, 0, 0
1635344903265, 81.34, 100, XNAS, 81.48, 100, XNAS, 81.46, 1, BATS, 31608, 2.55957e+06, 80.9786, 100, 1, 100, 1, 1, 0, 0, 1, 0, 0
1635344909940, 81.34, 100, XNAS, 81.41, 100, XNAS, 81.4, 1, XNAS, 31609, 2.55965e+06, 80.9786, 300, 3, 100, 1, 1, 0, 0, 1, 0, 0
1635344909940, 81.34, 100, IEXG, 81.47, 100, XNAS, 81.4, 100, XNAS, 31709, 2.56779e+06, 80.9799, 300, 3, 100, 1, 0, 1, 0, 0, 1, 0
1635344909940, 81.35, 100, XNAS, 81.47, 100, XNAS, 81.41, 3, XNAS, 31712, 2.56804e+06, 80.98, 100, 1, 100, 1, 1, 0, 1, 0, 0, 0
1635344913437, 81.34, 100, IEXG, 81.46, 100, XNAS, 81.4, 10, XADF, 31722, 2.56885e+06, 80.9801, 300, 3, 100, 1, 1, 1, 1, 0, 0, 0
1635344917861, 81.4, 100, XNAS, 81.46, 100, XNAS, 81.45, 100, XNAS, 31822, 2.577e+06, 80.9816, 100, 1, 100, 1, 0, 1, 0, 1, 0, 0
1635344919714, 81.4, 100, XNAS, 81.48, 100, XNAS, 81.46, 100, XNAS, 31922, 2.58514e+06, 80.9831, 100, 1, 100, 1, 0, 1, 0, 1, 0, 0
1635344919715, 81.4, 100, XNAS, 81.48, 100, XNAS, 81.43, 2, XNAS, 31924, 2.5853e+06, 80.9831, 100, 1, 100, 1, 1, 0, 0, 0, 1, 0
1635344919715, 81.4, 100, XNAS, 81.48, 100, XNAS, 81.43, 2, BATS, 31926, 2.58547e+06, 80.9831, 100, 1, 100, 1, 1, 0, 0, 0, 1, 0
1635344919715, 81.4, 100, XNAS, 81.48, 100, XNAS, 81.43, 2, EDGX, 31928, 2.58563e+06, 80.9832, 100, 1, 100, 1, 1, 0, 0, 0, 1, 0
1635344921328, 81.4, 100, XNAS, 81.48, 100, XNAS, 81.4, 1, XADF, 31929, 2.58571e+06, 80.9832, 100, 1, 100, 1, 1, 1, 0, 0, 1, 0
1635344921329, 81.34, 100, IEXG, 81.48, 100, XNAS, 81.4, 100, XNAS, 32029, 2.59385e+06, 80.9845, 300, 3, 100, 1, 0, 1, 0, 0, 1, 0
1635344921330, 81.34, 100, IEXG, 81.48, 100, XNAS, 81.4, 31, XNAS, 32060, 2.59638e+06, 80.9849, 400, 4, 100, 1, 1, 0, 0, 0, 1, 0
1635344921330, 81.34, 100, IEXG, 81.48, 100, XNAS, 81.4, 31, XNAS, 32091, 2.5989e+06, 80.9853, 400, 4, 100, 1, 1, 0, 0, 0, 1, 0
1635344921330, 81.34, 100, IEXG, 81.48, 100, XNAS, 81.4, 5, XNAS, 32096, 2.59931e+06, 80.9853, 400, 4, 100, 1, 1, 0, 0, 0, 1, 0
1635344921330, 81.34, 100, IEXG, 81.48, 100, XNAS, 81.4, 5, XNAS, 32101, 2.59971e+06, 80.9854, 400, 4, 100, 1, 1, 0, 0, 0, 1, 0
1635344921330, 81.34, 100, IEXG, 81.42, 100, XNAS, 81.4, 10, BATS, 32111, 2.60053e+06, 80.9855, 400, 4, 100, 1, 1, 0, 0, 1, 0, 0
1635344921330, 81.34, 100, IEXG, 81.42, 100, XNAS, 81.4, 5, BATS, 32116, 2.60093e+06, 80.9856, 400, 4, 100, 1, 1, 0, 0, 1, 0, 0
1635344921330, 81.34, 100, IEXG, 81.42, 100, XNAS, 81.4, 5, BATS, 32121, 2.60134e+06, 80.9857, 400, 4, 100, 1, 1, 0, 0, 1, 0, 0
1635344921330, 81.34, 100, IEXG, 81.42, 100, XNAS, 81.41, 29, EDGX, 32150, 2.6037e+06, 80.986, 400, 4, 100, 1, 1, 0, 0, 1, 0, 0
1635344921330, 81.34, 100, IEXG, 81.42, 100, XNAS, 81.41, 5, EDGX, 32155, 2.60411e+06, 80.9861, 400, 4, 100, 1, 1, 0, 0, 1, 0, 0
1635344921330, 81.34, 100, IEXG, 81.42, 100, XNAS, 81.41, 5, EDGX, 32160, 2.60452e+06, 80.9862, 400, 4, 100, 1, 1, 0, 0, 1, 0, 0
1635344922533, 81.34, 100, XPSX, 81.45, 100, BATS, 81.42, 6, XNAS, 32227, 2.60997e+06, 80.987, 400, 4, 100, 1, 1, 0, 0, 1, 0, 0
1635344922533, 81.34, 100, XPSX, 81.45, 100, BATS, 81.42, 1, XNAS, 32228, 2.61005e+06, 80.9871, 400, 4, 100, 1, 1, 0, 0, 1, 0, 0
1635344922533, 81.34, 100, XPSX, 81.45, 100, BATS, 81.43, 93, XNAS, 32321, 2.61762e+06, 80.9883, 400, 4, 100, 1, 1, 0, 0, 1, 0, 0
1635344922819, 81.35, 100, XNAS, 81.48, 100, XNAS, 81.44, 1, BATS, 32322, 2.61771e+06, 80.9883, 300, 3, 100, 1, 1, 0, 0, 1, 0, 0
1635344922820, 81.35, 100, XNAS, 81.48, 100, XNAS, 81.46, 10, XNYS, 32332, 2.61852e+06, 80.9885, 300, 3, 100, 1, 1, 0, 0, 1, 0, 0
1635344925988, 81.35, 200, XCHI, 81.49, 100, EDGX, 81.47, 31, XNAS, 32363, 2.62105e+06, 80.989, 300, 2, 100, 1, 1, 0, 0, 1, 0, 0
1635344925988, 81.35, 200, XCHI, 81.49, 100, EDGX, 81.48, 69, XNAS, 32432, 2.62667e+06, 80.99, 300, 2, 100, 1, 1, 0, 0, 1, 0, 0
1635344925988, 81.43, 100, XNAS, 81.49, 100, EDGX, 81.43, 3, XNAS, 32435, 2.62691e+06, 80.99, 100, 1, 100, 1, 1, 0, 0, 0, 1, 0
1635344925988, 81.39, 100, XNAS, 81.49, 100, EDGX, 81.43, 100, XNAS, 32535, 2.63505e+06, 80.9914, 100, 1, 100, 1, 0, 1, 0, 0, 1, 0
1635344927502, 81.36, 100, XNYS, 81.47, 100, IEXG, 81.4, 100, XNAS, 32635, 2.64319e+06, 80.9926, 100, 1, 100, 1, 0, 1, 0, 0, 1, 0
1635344927505, 81.36, 100, XNYS, 81.44, 300, XNAS, 81.36, 100, XADF, 32735, 2.65133e+06, 80.9938, 200, 2, 400, 2, 0, 1, 0, 0, 1, 0
1635344927535, 81.36, 100, XNYS, 81.4, 100, XNAS, 81.36, 100, XADF, 32835, 2.65947e+06, 80.9949, 200, 2, 100, 1, 0, 1, 0, 0, 1, 0
1635344927535, 81.36, 100, XNYS, 81.4, 100, XNAS, 81.36, 66, XNYS, 32901, 2.66484e+06, 80.9956, 200, 2, 100, 1, 1, 0, 0, 0, 1, 0
1635344928819, 81.36, 100, XNYS, 81.4, 100, XNAS, 81.38, 5, XNAS, 32906, 2.66524e+06, 80.9957, 100, 1, 100, 1, 1, 0, 1, 0, 0, 0
1635344928824, 81.39, 100, XNAS, 81.4, 100, XNAS, 81.4, 100, XADF, 33006, 2.67338e+06, 80.9969, 200, 2, 100, 1, 0, 1, 0, 1, 0, 0
1635344928889, 81.4, 100, XNYS, 81.4, 100, XNAS, 81.4, 100, XADF, 33106, 2.68152e+06, 80.9981, 100, 1, 100, 1, 0, 1, 1, 0, 0, 0
1635344928890, 81.4, 100, XNYS, 81.4, 100, XNAS, 81.4, 100, XNAS, 33206, 2.68966e+06, 80.9993, 100, 1, 100, 1, 0, 0, 1, 0, 0, 0
1635344928890, 81.4, 100, XNYS, 81.41, 100, EDGX, 81.4, 3, XNAS, 33209, 2.68991e+06, 80.9994, 100, 1, 100, 1, 1, 0, 0, 0, 1, 0
1635344928890, 81.4, 100, XNYS, 81.43, 100, XNAS, 81.41, 100, EDGX, 33309, 2.69805e+06, 81.0006, 100, 1, 100, 1, 0, 1, 0, 0, 1, 0
1635344928890, 81.4, 100, BATS, 81.43, 100, XNAS, 81.4, 19, XNYS, 33328, 2.6996e+06, 81.0008, 100, 1, 100, 1, 1, 0, 0, 0, 1, 0
1635344928890, 81.38, 100, XNAS, 81.43, 100, XNAS, 81.4, 10, BATS, 33338, 2.70041e+06, 81.0009, 100, 1, 100, 1, 1, 0, 0, 0, 1, 0
1635344928890, 81.38, 100, XNAS, 81.43, 100, XNAS, 81.41, 20, XNYS, 33358, 2.70204e+06, 81.0012, 100, 1, 100, 1, 1, 0, 0, 1, 0, 0
1635344928890, 81.38, 100, XNAS, 81.43, 100, XNAS, 81.4075, 100, XADF, 33458, 2.71018e+06, 81.0024, 100, 1, 100, 1, 0, 1, 0, 1, 0, 0
1635344928891, 81.38, 100, XNAS, 81.43, 100, XNAS, 81.405, 52, XADF, 33510, 2.71441e+06, 81.003, 100, 1, 100, 1, 1, 1, 1, 0, 0, 0
1635344928891, 81.38, 100, XNAS, 81.43, 100, XNAS, 81.405, 100, XADF, 33610, 2.72255e+06, 81.0042, 100, 1, 100, 1, 0, 1, 1, 0, 0, 0
1635344928891, 81.38, 100, XNAS, 81.43, 100, XNAS, 81.41, 48, XADF, 33658, 2.72646e+06, 81.0048, 100, 1, 100, 1, 1, 1, 0, 1, 0, 0
1635344928918, 81.38, 100, XNAS, 81.43, 100, XNAS, 81.41, 20, XNYS, 33678, 2.72809e+06, 81.005, 100, 1, 100, 1, 1, 0, 0, 1, 0, 0
1635344928918, 81.38, 100, XNAS, 81.43, 100, XNAS, 81.41, 60, XNYS, 33738, 2.73297e+06, 81.0058, 100, 1, 100, 1, 1, 0, 0, 1, 0, 0
1635344928918, 81.38, 100, XNAS, 81.43, 100, XNAS, 81.4, 90, BATS, 33828, 2.7403e+06, 81.0068, 100, 1, 100, 1, 1, 0, 0, 0, 1, 0
1635344929003, 81.34, 100, XPSX, 81.43, 100, XNAS, 81.393, 100, XADF, 33928, 2.74844e+06, 81.0079, 300, 3, 100, 1, 0, 1, 0, 1, 0, 0
1635344942024, 81.25, 200, XCHI, 81.43, 100, XNAS, 81.38, 16, BATS, 33944, 2.74974e+06, 81.0081, 200, 1, 100, 1, 1, 0, 0, 1, 0, 0
1635344942024, 81.25, 200, XCHI, 81.43, 100, XNAS, 81.38, 5, BATS, 33949, 2.75015e+06, 81.0082, 200, 1, 100, 1, 1, 0, 0, 1, 0, 0
1635344942024, 81.25, 200, XCHI, 81.43, 100, XNAS, 81.38, 5, BATS, 33954, 2.75055e+06, 81.0082, 200, 1, 100, 1, 1, 0, 0, 1, 0, 0
1635344948821, 81.18, 200, XNAS, 81.41, 100, BATS, 81.37, 50, EDGA, 34004, 2.75462e+06, 81.0088, 400, 2, 200, 2, 1, 0, 0, 1, 0, 0
1635344948821, 81.18, 200, XNAS, 81.41, 100, BATS, 81.4, 50, EDGA, 34054, 2.75869e+06, 81.0093, 400, 2, 200, 2, 1, 0, 0, 1, 0, 0
1635344950785, 81.19, 200, XCHI, 81.41, 100, BATS, 81.38, 50, EDGA, 34104, 2.76276e+06, 81.0099, 200, 1, 200, 2, 1, 0, 0, 1, 0, 0
1635344950785, 81.19, 200, XCHI, 81.41, 100, BATS, 81.4, 250, EDGA, 34354, 2.78311e+06, 81.0127, 200, 1, 200, 2, 0, 1, 0, 1, 0, 0
1635344951188, 81.2, 200, XCHI, 81.41, 100, BATS, 81.305, 100, IEXG, 34454, 2.79124e+06, 81.0136, 200, 1, 200, 2, 0, 1, 1, 0, 0, 0
1635344951189, 81.2, 200, XCHI, 81.41, 100, BATS, 81.305, 100, IEXG, 34554, 2.79937e+06, 81.0144, 200, 1, 200, 2, 0, 1, 1, 0, 0, 0
1635344962809, 81.26, 100, IEXG, 81.41, 100, BATS, 81.37, 62, XNAS, 34616, 2.80442e+06, 81.015, 200, 2, 200, 2, 1, 0, 0, 1, 0, 0
1635344962809, 81.26, 100, IEXG, 81.41, 100, BATS, 81.38, 100, BATS, 34716, 2.81255e+06, 81.0161, 200, 2, 200, 2, 0, 1, 0, 1, 0, 0
1635344962809, 81.26, 100, IEXG, 81.41, 100, BATS, 81.38, 50, EDGA, 34766, 2.81662e+06, 81.0166, 200, 2, 200, 2, 1, 0, 0, 1, 0, 0
1635344962809, 81.26, 200, XNAS, 81.41, 100, BATS, 81.41, 20, BATS, 34786, 2.81825e+06, 81.0169, 300, 2, 100, 1, 1, 0, 0, 1, 0, 0
1635344962809, 81.26, 200, XNAS, 81.41, 100, BATS, 81.41, 50, EDGA, 34836, 2.82232e+06, 81.0174, 300, 2, 100, 1, 1, 0, 0, 1, 0, 0
1635344962809, 81.26, 200, XNAS, 81.41, 100, BATS, 81.38, 3, ARCX, 34839, 2.82257e+06, 81.0174, 300, 2, 100, 1, 1, 0, 0, 1, 0, 0
1635344962809, 81.26, 200, XNAS, 81.41, 100, BATS, 81.38, 10, XNYS, 34849, 2.82338e+06, 81.0176, 300, 2, 100, 1, 1, 0, 0, 1, 0, 0
1635344997322, 81.3, 100, XNAS, 81.45, 700, BATS, 81.32, 3, XADF, 34852, 2.82362e+06, 81.0176, 400, 4, 900, 2, 1, 1, 0, 0, 1, 0
1635344998670, 81.3, 100, XNAS, 81.45, 700, BATS, 81.41, 10, XADF, 34862, 2.82444e+06, 81.0177, 400, 4, 900, 2, 1, 1, 0, 1, 0, 0
1635344998672, 81.3, 100, XNAS, 81.45, 700, BATS, 81.4394, 10, XADF, 34872, 2.82525e+06, 81.0178, 400, 4, 900, 2, 1, 1, 0, 1, 0, 0
1635344998793, 81.3, 100, XNAS, 81.45, 700, BATS, 81.43, 10, XADF, 34882, 2.82607e+06, 81.0179, 400, 4, 900, 2, 1, 1, 0, 1, 0, 0
1635344998793, 81.3, 100, XNAS, 81.45, 700, BATS, 81.42, 10, XADF, 34892, 2.82688e+06, 81.018, 400, 4, 900, 2, 1, 1, 0, 1, 0, 0
1635344998794, 81.3, 100, XNAS, 81.45, 700, BATS, 81.4395, 10, XADF, 34902, 2.8277e+06, 81.0182, 400, 4, 900, 2, 1, 1, 0, 1, 0, 0
1635344998798, 81.3, 100, XNAS, 81.45, 700, BATS, 81.439, 10, XADF, 34912, 2.82851e+06, 81.0183, 400, 4, 900, 2, 1, 1, 0, 1, 0, 0
1635344998855, 81.3, 100, XNAS, 81.45, 700, BATS, 81.43, 10, XADF, 34922, 2.82932e+06, 81.0184, 400, 4, 900, 2, 1, 1, 0, 1, 0, 0
1635344998856, 81.3, 100, XNAS, 81.45, 700, BATS, 81.4395, 10, XADF, 34932, 2.83014e+06, 81.0185, 400, 4, 900, 2, 1, 1, 0, 1, 0, 0
1635344998900, 81.3, 100, XNAS, 81.45, 700, BATS, 81.44, 10, XADF, 34942, 2.83095e+06, 81.0186, 400, 4, 900, 2, 1, 1, 0, 1, 0, 0
1635345000955, 81.3, 100, XNAS, 81.45, 700, BATS, 81.44, 33, XADF, 34975, 2.83364e+06, 81.019, 400, 4, 900, 2, 1, 1, 0, 1, 0, 0
1635345006241, 81.3, 100, XNAS, 81.45, 700, BATS, 81.45, 100, XPSX, 35075, 2.84179e+06, 81.0203, 300, 3, 900, 2, 0, 1, 0, 1, 0, 0
1635345007277, 81.3, 100, EDGX, 81.44, 100, XNAS, 81.44, 100, XPSX, 35175, 2.84993e+06, 81.0215, 300, 3, 100, 1, 0, 1, 0, 1, 0, 0
1635345013828, 81.3, 100, EDGX, 81.4, 700, BATS, 81.4, 45, XPSX, 35220, 2.85359e+06, 81.0219, 300, 3, 800, 2, 1, 0, 0, 1, 0, 0
1635345013828, 81.3, 100, EDGX, 81.4, 700, BATS, 81.4, 9, XPSX, 35229, 2.85433e+06, 81.022, 300, 3, 800, 2, 1, 0, 0, 1, 0, 0
1635345014424, 81.32, 100, XNAS, 81.4, 700, BATS, 81.39, 62, XNAS, 35291, 2.85937e+06, 81.0227, 100, 1, 800, 2, 1, 0, 0, 1, 0, 0
1635345014424, 81.32, 100, XNAS, 81.4, 700, BATS, 81.4, 1, XNAS, 35292, 2.85945e+06, 81.0227, 100, 1, 800, 2, 1, 0, 0, 1, 0, 0
1635345014424, 81.32, 200, XNAS, 81.4, 700, BATS, 81.4, 100, EDGA, 35392, 2.86759e+06, 81.0238, 400, 3, 800, 2, 0, 0, 0, 1, 0, 0
1635345014424, 81.32, 200, XNAS, 81.4, 700, BATS, 81.4, 100, EDGA, 35492, 2.87573e+06, 81.0248, 400, 3, 700, 1, 0, 1, 0, 1, 0, 0
1635345014424, 81.32, 200, XNAS, 81.4, 700, BATS, 81.39, 3, BATS, 35495, 2.87598e+06, 81.0249, 400, 3, 700, 1, 1, 0, 0, 1, 0, 0
1635345014424, 81.32, 200, XNAS, 81.4, 700, BATS, 81.39, 97, BATS, 35592, 2.88387e+06, 81.0259, 400, 3, 700, 1, 1, 0, 0, 1, 0, 0
1635345014424, 81.32, 200, XNAS, 81.4, 700, BATS, 81.4, 603, BATS, 36195, 2.93296e+06, 81.0321, 400, 3, 700, 1, 0, 0, 0, 1, 0, 0
1635345014424, 81.32, 200, XNAS, 81.4, 700, BATS, 81.4, 79, BATS, 36274, 2.93939e+06, 81.0329, 500, 4, 700, 1, 1, 0, 0, 1, 0, 0
1635345014424, 81.32, 200, XNAS, 81.4, 600, BATS, 81.4, 97, BATS, 36371, 2.94728e+06, 81.0339, 500, 4, 600, 1, 1, 0, 0, 1, 0, 0
1635345014424, 81.32, 200, XNAS, 81.4, 500, BATS, 81.35, 4, MEMX, 36375, 2.94761e+06, 81.0339, 500, 4, 500, 1, 1, 0, 0, 0, 1, 0
1635345014429, 81.32, 100, EDGX, 81.4, 600, BATS, 81.4, 46, XPSX, 36421, 2.95135e+06, 81.0344, 400, 4, 700, 2, 1, 0, 0, 1, 0, 0
1635345014463, 81.32, 100, EDGX, 81.4, 600, BATS, 81.36, 10, IEXG, 36431, 2.95217e+06, 81.0345, 400, 4, 700, 2, 1, 0, 1, 0, 0, 0
1635345014606, 81.32, 100, EDGX, 81.4, 600, BATS, 81.4, 4, XNAS, 36435, 2.95249e+06, 81.0345, 400, 4, 600, 1, 1, 0, 0, 1, 0, 0
1635345014606, 81.32, 100, EDGX, 81.4, 600, BATS, 81.4, 96, XNAS, 36531, 2.96031e+06, 81.0355, 400, 4, 600, 1, 1, 0, 0, 1, 0, 0
1635345014606, 81.32, 100, EDGX, 81.4, 600, BATS, 81.36, 10, XNAS, 36541, 2.96112e+06, 81.0355, 400, 4, 600, 1, 1, 0, 1, 0, 0, 0
1635345014606, 81.32, 100, EDGX, 81.4, 600, BATS, 81.35, 100, XNAS, 36641, 2.96925e+06, 81.0364, 400, 4, 600, 1, 0, 1, 0, 0, 1, 0
1635345014606, 81.32, 100, EDGX, 81.4, 600, BATS, 81.33, 100, XNAS, 36741, 2.97739e+06, 81.0372, 400, 4, 600, 1, 0, 1, 0, 0, 1, 0
1635345014606, 81.32, 100, EDGX, 81.4, 600, BATS, 81.32, 21, XNAS, 36762, 2.9791e+06, 81.0374, 400, 4, 600, 1, 1, 0, 0, 0, 1, 0
1635345014606, 81.32, 200, XNAS, 81.4, 600, BATS, 81.32, 91, BATS, 36853, 2.9865e+06, 81.0381, 500, 4, 600, 1, 1, 0, 0, 0, 1, 0
1635345014606, 81.32, 200, XNAS, 81.4, 600, BATS, 81.35, 100, EDGX, 36953, 2.99463e+06, 81.0389, 400, 3, 600, 1, 0, 1, 0, 0, 1, 0
1635345014606, 81.32, 100, EDGX, 81.4, 600, BATS, 81.34, 15, XNYS, 36968, 2.99585e+06, 81.039, 300, 3, 600, 1, 1, 0, 0, 0, 1, 0
1635345014608, 81.32, 100, XNAS, 81.4, 600, BATS, 81.4, 17, XADF, 36985, 2.99723e+06, 81.0392, 100, 1, 600, 1, 1, 1, 0, 1, 0, 0
1635345014608, 81.32, 100, XNAS, 81.4, 600, BATS, 81.4, 83, XADF, 37068, 3.00399e+06, 81.04, 100, 1, 600, 1, 1, 1, 0, 1, 0, 0
1635345014609, 81.32, 100, XNAS, 81.4, 600, BATS, 81.4, 17, XADF, 37085, 3.00537e+06, 81.0402, 100, 1, 600, 1, 1, 1, 0, 1, 0, 0
1635345014647, 81.32, 100, XNAS, 81.4, 600, BATS, 81.4, 100, XADF, 37185, 3.01351e+06, 81.0411, 100, 1, 600, 1, 0, 1, 0, 1, 0, 0
1635345016082, 81.32, 100, XNAS, 81.4, 500, BATS, 81.4, 40, XNAS, 37225, 3.01677e+06, 81.0415, 100, 1, 500, 1, 1, 0, 0, 1, 0, 0
1635345016083, 81.32, 100, XNAS, 81.4, 400, BATS, 81.4, 58, BATS, 37283, 3.02149e+06, 81.0421, 100, 1, 400, 1, 1, 0, 0, 1, 0, 0
1635345016083, 81.32, 100, XNAS, 81.4, 400, BATS, 81.4, 2, ARCX, 37285, 3.02165e+06, 81.0421, 100, 1, 400, 1, 1, 0, 0, 1, 0, 0
1635345018809, 81.32, 100, XNAS, 81.47, 200, XCHI, 81.395, 100, IEXG, 37385, 3.02979e+06, 81.043, 100, 1, 500, 3, 0, 1, 1, 0, 0, 0
1635345018833, 81.32, 100, XNAS, 81.47, 200, XCHI, 81.3902, 100, XADF, 37485, 3.03793e+06, 81.044, 100, 1, 500, 3, 0, 1, 0, 0, 1, 0
1635345019669, 81.32, 100, XNAS, 81.47, 200, XCHI, 81.395, 100, XADF, 37585, 3.04607e+06, 81.0449, 100, 1, 500, 3, 0, 1, 1, 0, 0, 0
1635345037177, 81.32, 100, XNAS, 81.47, 200, XCHI, 81.44, 100, EDGA, 37685, 3.05422e+06, 81.0459, 100, 1, 600, 3, 0, 1, 0, 1, 0, 0
1635345037177, 81.32, 100, XNAS, 81.47, 200, XCHI, 81.41, 18, XNAS, 37703, 3.05568e+06, 81.0461, 100, 1, 600, 3, 1, 0, 0, 1, 0, 0
1635345037178, 81.32, 100, XNAS, 81.47, 200, XCHI, 81.41, 2, BATS, 37705, 3.05584e+06, 81.0461, 100, 1, 400, 2, 1, 0, 0, 1, 0, 0
1635345047303, 81.32, 100, XNAS, 81.46, 300, XNAS, 81.4, 100, EDGA, 37805, 3.06398e+06, 81.0471, 100, 1, 300, 1, 0, 1, 0, 1, 0, 0
1635345048807, 81.32, 100, XNAS, 81.46, 300, XNAS, 81.4, 300, EDGA, 38105, 3.0884e+06, 81.0499, 200, 2, 300, 1, 0, 1, 0, 1, 0, 0
1635345061524, 81.32, 100, XPSX, 81.4, 400, EDGX, 81.36, 1, XNAS, 38106, 3.08849e+06, 81.0499, 400, 4, 400, 1, 1, 0, 1, 0, 0, 0
1635345061897, 81.32, 100, XPSX, 81.4, 400, EDGX, 81.39, 100, XPSX, 38206, 3.09663e+06, 81.0508, 400, 4, 400, 1, 0, 1, 0, 1, 0, 0
1635345061899, 81.32, 100, XPSX, 81.4, 400, EDGX, 81.3994, 100, XADF, 38306, 3.10477e+06, 81.0517, 400, 4, 400, 1, 0, 1, 0, 1, 0, 0
1635345063156, 81.32, 100, IEXG, 81.4, 500, EDGX, 81.39, 100, EDGX, 38406, 3.1129e+06, 81.0525, 400, 4, 500, 1, 0, 1, 0, 1, 0, 0
1635345063159, 81.32, 100, IEXG, 81.4, 500, EDGX, 81.3994, 100, XADF, 38506, 3.12104e+06, 81.0534, 400, 4, 500, 1, 0, 1, 0, 1, 0, 0
1635345063194, 81.32, 100, IEXG, 81.4, 500, EDGX, 81.36, 10, IEXG, 38516, 3.12186e+06, 81.0535, 400, 4, 700, 2, 1, 0, 1, 0, 0, 0
1635345066255, 81.32, 100, IEXG, 81.4, 500, EDGX, 81.4, 100, XPSX, 38616, 3.13e+06, 81.0544, 400, 4, 700, 2, 0, 1, 0, 1, 0, 0
1635345066256, 81.32, 100, IEXG, 81.4, 500, EDGX, 81.39, 10, XADF, 38626, 3.13081e+06, 81.0545, 300, 3, 700, 2, 1, 1, 0, 1, 0, 0
1635345067153, 81.32, 100, IEXG, 81.4, 500, EDGX, 81.4, 36, XPSX, 38662, 3.13374e+06, 81.0548, 300, 3, 700, 2, 1, 0, 0, 1, 0, 0
1635345067153, 81.32, 100, IEXG, 81.4, 500, EDGX, 81.4, 9, XPSX, 38671, 3.13447e+06, 81.0549, 300, 3, 700, 2, 1, 0, 0, 1, 0, 0
1635345067153, 81.32, 100, IEXG, 81.4, 500, EDGX, 81.4, 9, XPSX, 38680, 3.13521e+06, 81.055, 300, 3, 700, 2, 1, 0, 0, 1, 0, 0
1635345067154, 81.32, 100, IEXG, 81.4, 500, EDGX, 81.4, 4, XPSX, 38684, 3.13553e+06, 81.055, 300, 3, 700, 2, 1, 0, 0, 1, 0, 0
1635345067154, 81.32, 100, IEXG, 81.4, 500, EDGX, 81.4, 4, XPSX, 38688, 3.13586e+06, 81.0551, 300, 3, 700, 2, 1, 0, 0, 1, 0, 0
1635345067154, 81.32, 100, IEXG, 81.4, 500, EDGX, 81.4, 38, XPSX, 38726, 3.13895e+06, 81.0554, 300, 3, 700, 2, 1, 0, 0, 1, 0, 0
1635345067154, 81.32, 100, IEXG, 81.4, 500, EDGX, 81.39, 10, XADF, 38736, 3.13977e+06, 81.0555, 300, 3, 700, 2, 1, 1, 0, 1, 0, 0
1635345068257, 81.32, 100, IEXG, 81.4, 500, EDGX, 81.32, 100, XPSX, 38836, 3.1479e+06, 81.0562, 200, 2, 700, 2, 0, 1, 0, 0, 1, 0
1635345068257, 81.32, 100, IEXG, 81.4, 500, EDGX, 81.33, 82, XNAS, 38918, 3.15457e+06, 81.0567, 200, 2, 700, 2, 1, 0, 0, 0, 1, 0
