timestamp, bid_price, bid_size, bid_exchange, ask_price, ask_size, ask_exchange, trade_price, trade_size, trade_exchange, volume, notional_volume, vwap, nbb_agg_size, nbb_no_of_exchange, nbo_agg_size, nbo_no_of_exchange, is_odd_lot, is_hidden_order, is_mid_order, is_buy_order, is_sell_order, is_trade_through 
1635341401287, 505.01, 100, IEXG, 523.08, 200, XNAS, 517.77, 2, XADF, 1397, 723325, 517.77, 100, 1, 200, 1, 1, 1, 0, 1, 0, 0
1635341401368, 505.01, 100, IEXG, 523.08, 200, XNAS, 517.77, 6, XADF, 1403, 726431, 517.77, 100, 1, 200, 1, 1, 1, 0, 1, 0, 0
1635341401412, 505.01, 100, IEXG, 523.08, 200, XNAS, 515.37, 5, XNAS, 1408, 729008, 517.761, 100, 1, 200, 1, 1, 0, 0, 1, 0, 0
1635341402457, 512.26, 100, XASE, 521.1, 100, XASE, 514.54, 49, XNAS, 1460, 755774, 517.653, 200, 2, 200, 2, 1, 0, 0, 0, 1, 0
1635341402457, 512.26, 100, XASE, 521.1, 100, XASE, 514.53, 33, IEXG, 1493, 772753, 517.584, 200, 2, 200, 2, 1, 0, 0, 0, 1, 0
1635341402547, 512.26, 100, XASE, 521.1, 100, XASE, 514.53, 1, XNAS, 1494, 773268, 517.582, 200, 2, 200, 2, 1, 0, 0, 0, 1, 0
1635341402548, 512.26, 100, XASE, 521.1, 100, XASE, 513.43, 1, XNAS, 1495, 773781, 517.58, 200, 2, 200, 2, 1, 0, 0, 0, 1, 0
1635341402549, 512.26, 100, XASE, 521.1, 100, XASE, 512.77, 98, XNAS, 1593, 824033, 517.284, 200, 2, 200, 2, 1, 0, 0, 0, 1, 0
1635341403323, 511.42, 100, IEXG, 521.1, 100, XNYS, 518.83, 10, XADF, 1603, 829221, 517.293, 100, 1, 200, 2, 1, 1, 0, 1, 0, 0
1635341404603, 511.42, 100, IEXG, 521.1, 100, XNYS, 515.93, 1, XADF, 1604, 829737, 517.292, 100, 1, 200, 2, 1, 1, 0, 0, 1, 0
1635341406682, 511.89, 100, XCIS, 519.44, 100, XCIS, 517.61, 43, XNAS, 1650, 853539, 517.297, 100, 1, 100, 1, 1, 0, 0, 1, 0, 0
1635341406994, 511.89, 100, XCIS, 519.44, 100, XCIS, 517.77, 9, XADF, 1659, 858199, 517.299, 100, 1, 100, 1, 1, 1, 0, 1, 0, 0
1635341412348, 511.42, 100, IEXG, 521.1, 100, XNYS, 517.77, 1, XADF, 1661, 859229, 517.296, 100, 1, 300, 3, 1, 1, 0, 1, 0, 0
1635341414539, 511.42, 100, IEXG, 521.1, 100, XNYS, 518.63, 1, XNAS, 1663, 860268, 517.299, 100, 1, 400, 4, 1, 0, 0, 1, 0, 0
1635341414563, 511.89, 100, XCIS, 521.1, 100, XNYS, 521.099, 1, XADF, 1664, 860789, 517.301, 100, 1, 400, 4, 1, 1, 0, 1, 0, 0
1635341431412, 510.27, 100, IEXG, 519, 100, EDGA, 514.635, 33, XADF, 1697, 877772, 517.249, 100, 1, 800, 8, 1, 1, 1, 0, 0, 0
1635341476005, 512.51, 100, XNAS, 518.99, 100, XNAS, 513.35, 1, XNAS, 1703, 880890, 517.258, 100, 1, 100, 1, 1, 0, 0, 0, 1, 0
1635341478429, 512.51, 100, XNAS, 518.98, 200, XCHI, 512.51, 2, XADF, 1705, 881915, 517.252, 100, 1, 500, 3, 1, 1, 0, 0, 1, 0
1635341512963, 512.51, 100, XNAS, 518.97, 200, XCHI, 515.74, 16, XADF, 1721, 890166, 517.238, 100, 1, 500, 3, 1, 1, 1, 0, 0, 0
1635341535383, 512.51, 100, XNAS, 518.96, 200, IEXG, 518.28, 4, XADF, 1725, 892240, 517.24, 100, 1, 300, 2, 1, 1, 0, 1, 0, 0
1635341632599, 512.51, 100, XNAS, 518.96, 200, IEXG, 517.72, 38, XADF, 1763, 911913, 517.251, 100, 1, 300, 2, 1, 1, 0, 1, 0, 0
1635341632603, 512.52, 100, XPSX, 518.96, 200, IEXG, 512.52, 100, XADF, 1863, 963165, 516.997, 100, 1, 300, 2, 0, 1, 0, 0, 1, 0
1635341632606, 512.52, 100, XPSX, 518.95, 100, XPSX, 512.52, 2, XADF, 1865, 964190, 516.992, 100, 1, 100, 1, 1, 1, 0, 0, 1, 0
1635341634845, 512.51, 100, XNAS, 518.95, 200, IEXG, 518.95, 1, XADF, 1866, 964709, 516.993, 100, 1, 400, 3, 1, 1, 0, 1, 0, 0
1635341690127, 512.52, 100, XNAS, 517.8, 200, XCHI, 515.16, 1, XADF, 1867, 965224, 516.992, 100, 1, 1000, 8, 1, 1, 1, 0, 0, 0
1635341692364, 512.52, 100, XNAS, 517.79, 200, XCHI, 515.155, 1, XADF, 1868, 965739, 516.991, 100, 1, 500, 3, 1, 1, 1, 0, 0, 0
1635341708625, 512.52, 100, XNAS, 517.78, 200, XCHI, 514.357, 10, XADF, 1878, 970883, 516.977, 100, 1, 500, 3, 1, 1, 0, 0, 1, 0
1635341720148, 512.52, 100, XNAS, 517.78, 200, XCHI, 512.52, 1, XADF, 1879, 971395, 516.975, 100, 1, 500, 3, 1, 1, 0, 0, 1, 0
1635341735852, 512.54, 100, XNAS, 517.77, 200, XCHI, 514.93, 2, BATY, 1881, 972425, 516.972, 100, 1, 500, 3, 1, 0, 0, 0, 1, 0
1635341784760, 512.76, 100, XNAS, 517.76, 200, XCHI, 512.76, 2, XADF, 1883, 973451, 516.968, 100, 1, 600, 3, 1, 1, 0, 0, 1, 0
1635341792515, 512.76, 100, XNAS, 517.75, 200, XCHI, 517.75, 1, XCIS, 1884, 973968, 516.968, 100, 1, 500, 3, 1, 0, 0, 1, 0, 0
1635341826261, 513.38, 100, XNAS, 517.75, 200, IEXG, 515.565, 1, IEXG, 1885, 974484, 516.968, 100, 1, 500, 3, 1, 0, 1, 0, 0, 0
1635341926386, 513.8, 100, XNAS, 517.75, 300, XNAS, 515.815, 55, XADF, 1940, 1.00285e+06, 516.935, 100, 1, 700, 3, 1, 1, 0, 1, 0, 0
1635341953785, 513.39, 100, XNAS, 517.48, 300, XNAS, 513.92, 85, XNAS, 2025, 1.04654e+06, 516.808, 100, 1, 700, 3, 1, 0, 0, 0, 1, 0
1635341953785, 513.39, 100, XNAS, 517.47, 100, XPSX, 513.92, 12, BATS, 2037, 1.0527e+06, 516.791, 100, 1, 100, 1, 1, 0, 0, 0, 1, 0
1635341953785, 513.39, 100, XNAS, 517.47, 100, XPSX, 513.84, 3, ARCX, 2040, 1.05425e+06, 516.787, 100, 1, 100, 1, 1, 0, 0, 0, 1, 0
1635341953786, 513.39, 100, XNAS, 517.47, 100, XPSX, 513.84, 3, ARCX, 2040, 1.05425e+06, 516.787, 100, 1, 100, 1, 1, 0, 0, 0, 1, 0
1635341961167, 512.5, 200, XCHI, 517.47, 200, IEXG, 514.985, 1, XADF, 2041, 1.05476e+06, 516.786, 300, 2, 500, 3, 1, 1, 1, 0, 0, 0
1635341979126, 512.51, 200, XCHI, 517.46, 200, XCHI, 513.54, 2, XNAS, 2043, 1.05579e+06, 516.783, 200, 1, 500, 3, 1, 0, 0, 0, 1, 0
1635341979126, 512.51, 200, XCHI, 517.46, 200, XCHI, 513.5, 2, XNAS, 2045, 1.05681e+06, 516.78, 200, 1, 500, 3, 1, 0, 0, 0, 1, 0
1635341979126, 512.51, 200, XCHI, 517.46, 200, XCHI, 513.5, 2, XNAS, 2047, 1.05784e+06, 516.777, 200, 1, 500, 3, 1, 0, 0, 0, 1, 0
1635341979127, 512.51, 200, XCHI, 517.45, 100, XPSX, 513.49, 2, BATS, 2049, 1.05887e+06, 516.773, 200, 1, 100, 1, 1, 0, 0, 0, 1, 0
1635341979127, 512.51, 200, XCHI, 517.45, 100, XPSX, 513.5, 10, XNAS, 2059, 1.064e+06, 516.757, 200, 1, 100, 1, 1, 0, 0, 0, 1, 0
1635341979127, 512.51, 200, XCHI, 517.45, 100, XPSX, 513.49, 4, BATS, 2063, 1.06606e+06, 516.751, 200, 1, 100, 1, 1, 0, 0, 0, 1, 0
1635341979127, 512.51, 200, XCHI, 517.45, 100, XPSX, 513.49, 4, BATS, 2067, 1.06811e+06, 516.745, 200, 1, 100, 1, 1, 0, 0, 0, 1, 0
1635341979127, 512.51, 200, XCHI, 517.45, 100, XPSX, 513.39, 15, XNAS, 2082, 1.07581e+06, 516.721, 200, 1, 100, 1, 1, 0, 0, 0, 1, 0
1635341979127, 512.51, 200, XCHI, 517.45, 100, XPSX, 513.39, 2, XNAS, 2084, 1.07684e+06, 516.717, 200, 1, 100, 1, 1, 0, 0, 0, 1, 0
1635341979127, 512.51, 200, XCHI, 517.45, 100, XPSX, 513.81, 2, ARCX, 2086, 1.07787e+06, 516.715, 200, 1, 100, 1, 1, 0, 0, 0, 1, 0
1635341979127, 512.51, 200, XCHI, 517.45, 100, XPSX, 513.39, 15, XNAS, 2101, 1.08557e+06, 516.691, 200, 1, 100, 1, 1, 0, 0, 0, 1, 0
1635341979127, 512.51, 200, XCHI, 517.45, 100, XPSX, 513.81, 1, ARCX, 2102, 1.08608e+06, 516.69, 200, 1, 100, 1, 1, 0, 0, 0, 1, 0
1635341979127, 512.51, 200, XCHI, 517.45, 100, XPSX, 513.39, 12, XNAS, 2114, 1.09224e+06, 516.671, 200, 1, 100, 1, 1, 0, 0, 0, 1, 0
1635341990006, 511.85, 200, XCHI, 517.42, 200, XCHI, 511.86, 1, XADF, 2115, 1.09275e+06, 516.669, 200, 1, 600, 3, 1, 1, 0, 0, 1, 0
1635341990391, 511.85, 200, XCHI, 517.41, 200, XCHI, 513, 1, XADF, 2116, 1.09327e+06, 516.667, 200, 1, 200, 1, 1, 1, 0, 0, 1, 0
1635341996265, 511.85, 200, XCHI, 517.41, 200, XCHI, 514.98, 8, XADF, 2124, 1.09739e+06, 516.66, 200, 1, 300, 2, 1, 1, 0, 1, 0, 0
1635342011114, 511.86, 200, XCHI, 517.39, 200, XCHI, 513, 1, EDGX, 2125, 1.0979e+06, 516.659, 200, 1, 300, 2, 1, 0, 0, 0, 1, 0
1635342022772, 511.86, 200, XCHI, 515.45, 100, IEXG, 513.655, 1, XADF, 2126, 1.09841e+06, 516.657, 200, 1, 100, 1, 1, 1, 1, 0, 0, 0
1635342022871, 511.87, 200, XCHI, 515.45, 100, IEXG, 513.66, 1, XADF, 2127, 1.09893e+06, 516.656, 200, 1, 100, 1, 1, 1, 1, 0, 0, 0
1635342069467, 511.87, 200, XCHI, 515.45, 100, IEXG, 514.724, 100, XADF, 2227, 1.1504e+06, 516.569, 200, 1, 100, 1, 0, 1, 0, 1, 0, 0
1635342070478, 511.88, 200, XCHI, 515.45, 100, IEXG, 513.665, 1, XADF, 2228, 1.15091e+06, 516.568, 200, 1, 100, 1, 1, 1, 1, 0, 0, 0
1635342079817, 511.89, 200, XCHI, 515.45, 100, IEXG, 514.907, 1, XADF, 2229, 1.15143e+06, 516.567, 200, 1, 100, 1, 1, 1, 0, 1, 0, 0
1635342079829, 511.9, 200, XCHI, 515.45, 100, IEXG, 513.675, 1, XADF, 2230, 1.15194e+06, 516.566, 300, 2, 100, 1, 1, 1, 1, 0, 0, 0
1635342084318, 511.9, 200, XCHI, 515.45, 100, IEXG, 514.88, 22, XNAS, 2252, 1.16327e+06, 516.549, 200, 1, 100, 1, 1, 0, 0, 1, 0, 0
1635342084318, 512.56, 100, XNAS, 515.45, 100, IEXG, 514.72, 3, EDGX, 2255, 1.16481e+06, 516.547, 100, 1, 100, 1, 1, 0, 0, 1, 0, 0
1635342084318, 512.56, 100, XNAS, 515.45, 100, IEXG, 514.84, 11, BATS, 2266, 1.17048e+06, 516.539, 100, 1, 100, 1, 1, 0, 0, 1, 0, 0
1635342117177, 512.65, 200, XCHI, 517.42, 200, XCHI, 512.65, 800, XADF, 3066, 1.5806e+06, 515.524, 500, 3, 200, 1, 0, 1, 0, 0, 1, 0
1635342117185, 512.65, 200, IEXG, 517.41, 200, XCHI, 515.03, 2, XADF, 3068, 1.58163e+06, 515.524, 500, 3, 300, 2, 1, 1, 1, 0, 0, 0
1635342117196, 512.66, 200, XCHI, 517.41, 200, XCHI, 512.66, 100, XADF, 3168, 1.63289e+06, 515.433, 300, 2, 300, 2, 0, 1, 0, 0, 1, 0
1635342121684, 512.67, 200, IEXG, 517.41, 200, XCHI, 515.04, 1, XADF, 3169, 1.63341e+06, 515.433, 500, 3, 200, 1, 1, 1, 1, 0, 0, 0
1635342140794, 512.69, 200, XCHI, 517.36, 200, XCHI, 512.83, 5, XNAS, 3174, 1.63597e+06, 515.429, 200, 1, 300, 2, 1, 0, 0, 0, 1, 0
1635342140794, 512.69, 200, XCHI, 517.35, 100, XPSX, 513, 6, EDGX, 3180, 1.63905e+06, 515.424, 200, 1, 100, 1, 1, 0, 0, 0, 1, 0
1635342140794, 512.69, 200, XCHI, 517.35, 100, XPSX, 512.89, 1, EDGX, 3181, 1.63956e+06, 515.424, 200, 1, 100, 1, 1, 0, 0, 0, 1, 0
1635342140794, 512.69, 100, XCHI, 517.35, 100, XPSX, 512.69, 88, XCHI, 3269, 1.68468e+06, 515.35, 100, 1, 100, 1, 1, 0, 0, 0, 1, 0
1635342157177, 512.76, 100, XNAS, 516.45, 200, XCHI, 513.47, 5, BATY, 3274, 1.68725e+06, 515.347, 100, 1, 200, 1, 1, 0, 0, 0, 1, 0
1635342157177, 512.76, 100, XNAS, 516.44, 100, XPSX, 513.47, 3, BATY, 3277, 1.68879e+06, 515.346, 100, 1, 100, 1, 1, 0, 0, 0, 1, 0
1635342157177, 512.76, 100, XNAS, 516.44, 100, XPSX, 513.47, 1, BATY, 3278, 1.6893e+06, 515.345, 100, 1, 100, 1, 1, 0, 0, 0, 1, 0
1635342157177, 512.76, 100, XNAS, 516.44, 100, XPSX, 512.8, 4, BATS, 3282, 1.69135e+06, 515.342, 100, 1, 100, 1, 1, 0, 0, 0, 1, 0
1635342157177, 512.76, 100, XNAS, 516.44, 100, XPSX, 512.8, 2, EDGX, 3284, 1.69238e+06, 515.34, 100, 1, 100, 1, 1, 0, 0, 0, 1, 0
1635342157177, 512.76, 100, XNAS, 516.44, 100, XPSX, 513.47, 10, BATY, 3294, 1.69751e+06, 515.335, 100, 1, 100, 1, 1, 0, 0, 0, 1, 0
1635342157177, 512.76, 100, XNAS, 516.44, 100, XPSX, 513.47, 10, BATY, 3304, 1.70265e+06, 515.329, 100, 1, 100, 1, 1, 0, 0, 0, 1, 0
1635342157178, 512.76, 100, XNAS, 516.44, 100, XPSX, 513.47, 4, BATY, 3314, 1.70779e+06, 515.325, 100, 1, 100, 1, 1, 0, 0, 0, 1, 0
1635342157185, 512.77, 100, XPSX, 516.44, 200, XCHI, 512.98, 100, XADF, 3414, 1.75909e+06, 515.257, 100, 1, 300, 2, 0, 1, 0, 0, 1, 0
1635342160602, 512.76, 100, XNAS, 516.44, 200, XCHI, 516.42, 1, XADF, 3415, 1.7596e+06, 515.257, 100, 1, 200, 1, 1, 1, 0, 1, 0, 0
1635342160608, 512.77, 100, XPSX, 516.44, 200, XCHI, 516.44, 1, XADF, 3416, 1.76012e+06, 515.257, 100, 1, 200, 1, 1, 1, 0, 1, 0, 0
1635342160626, 512.77, 100, XPSX, 516.44, 200, XCHI, 516.44, 1, XADF, 3417, 1.76064e+06, 515.258, 100, 1, 200, 1, 1, 1, 0, 1, 0, 0
1635342167661, 512.76, 100, XNAS, 516.44, 200, XCHI, 513.42, 65, BATY, 3482, 1.79401e+06, 515.223, 100, 1, 200, 1, 1, 0, 0, 0, 1, 0
1635342229165, 512.81, 200, XNAS, 516.43, 200, XCHI, 514.62, 1, XADF, 3483, 1.79452e+06, 515.223, 200, 1, 200, 1, 1, 1, 1, 0, 0, 0
1635342230438, 512.81, 200, XNAS, 516.42, 200, XCHI, 515.67, 6, XADF, 3489, 1.79762e+06, 515.224, 200, 1, 200, 1, 1, 1, 0, 1, 0, 0
1635342237074, 512.81, 200, XNAS, 516.42, 200, XCHI, 512.88, 1, EDGX, 3490, 1.79813e+06, 515.223, 200, 1, 200, 1, 1, 0, 0, 0, 1, 0
1635342249806, 512.91, 100, XNAS, 516.41, 200, XCHI, 514.66, 3, XADF, 3493, 1.79967e+06, 515.223, 200, 2, 200, 1, 1, 1, 1, 0, 0, 0
1635342282223, 513.01, 200, XNAS, 516.37, 200, XCHI, 516.37, 1, XADF, 3494, 1.80019e+06, 515.223, 200, 1, 400, 3, 1, 1, 0, 1, 0, 0
1635342300911, 513.01, 200, XNAS, 516.34, 200, XCHI, 513.02, 2, XADF, 3496, 1.80122e+06, 515.222, 200, 1, 500, 3, 1, 1, 0, 0, 1, 0
1635342305567, 513.01, 100, XNAS, 516.33, 200, XCHI, 514.67, 100, XADF, 3596, 1.85268e+06, 515.207, 100, 1, 500, 3, 0, 1, 1, 0, 0, 0
1635342323933, 513.01, 100, XNAS, 515.08, 200, XNAS, 514.95, 45, XNAS, 3641, 1.87586e+06, 515.203, 100, 1, 200, 1, 1, 0, 0, 1, 0, 0
1635342323933, 513.01, 100, XNAS, 515.08, 200, XNAS, 514.97, 39, XNAS, 3680, 1.89594e+06, 515.201, 100, 1, 200, 1, 1, 0, 0, 1, 0, 0
1635342323934, 513.02, 100, XPSX, 515.08, 200, XNAS, 514.69, 1, ARCX, 3681, 1.89645e+06, 515.201, 200, 2, 200, 1, 1, 0, 0, 1, 0, 0
1635342347439, 513.03, 100, XNAS, 515.08, 200, XNAS, 514.055, 13, XADF, 3694, 1.90314e+06, 515.197, 100, 1, 200, 1, 1, 1, 1, 0, 0, 0
1635342358167, 513.03, 100, XNAS, 515.08, 200, XNAS, 514.06, 1, XNAS, 3695, 1.90365e+06, 515.196, 100, 1, 200, 1, 1, 0, 0, 1, 0, 0
1635342380614, 513.83, 100, XNAS, 515.08, 200, XNAS, 513.842, 1, XADF, 3696, 1.90416e+06, 515.196, 100, 1, 200, 1, 1, 1, 0, 0, 1, 0
1635342380614, 513.83, 100, XNAS, 515.08, 200, XNAS, 515.07, 100, XPSX, 3796, 1.95567e+06, 515.193, 100, 1, 200, 1, 0, 1, 0, 1, 0, 0
1635342380615, 513.84, 100, XNAS, 515.08, 200, XNAS, 515.01, 50, XNAS, 3846, 1.98142e+06, 515.19, 200, 2, 200, 1, 1, 0, 0, 1, 0, 0
1635342380615, 513.84, 100, XNAS, 515.08, 100, XNAS, 515.01, 10, XNAS, 3856, 1.98657e+06, 515.19, 200, 2, 100, 1, 1, 0, 0, 1, 0, 0
1635342380615, 513.84, 100, BATS, 516.83, 100, XPSX, 515.08, 100, XNAS, 3956, 2.03808e+06, 515.187, 200, 2, 100, 1, 0, 1, 0, 0, 1, 0
1635342380615, 513.84, 100, BATS, 516.83, 100, XPSX, 515.08, 1, XNAS, 3957, 2.0386e+06, 515.187, 200, 2, 100, 1, 1, 0, 0, 0, 1, 0
1635342380615, 513.84, 100, BATS, 516.83, 100, XPSX, 515.08, 91, XNAS, 4048, 2.08547e+06, 515.185, 200, 2, 100, 1, 1, 0, 0, 0, 1, 0
1635342380615, 513.84, 100, BATS, 516.83, 100, XPSX, 515.08, 9, XNAS, 4057, 2.0901e+06, 515.184, 200, 2, 100, 1, 1, 0, 0, 0, 1, 0
1635342380615, 513.84, 100, BATS, 516.83, 100, XPSX, 515.08, 1, XNAS, 4058, 2.09062e+06, 515.184, 200, 2, 100, 1, 1, 0, 0, 0, 1, 0
1635342380615, 513.84, 100, BATS, 516.83, 100, XPSX, 515.08, 3, XNAS, 4061, 2.09216e+06, 515.184, 200, 2, 100, 1, 1, 0, 0, 0, 1, 0
1635342380615, 513.84, 100, BATS, 516.83, 100, XPSX, 515.08, 3, XNAS, 4064, 2.09371e+06, 515.184, 200, 2, 100, 1, 1, 0, 0, 0, 1, 0
1635342380615, 513.84, 100, BATS, 516.83, 100, XPSX, 515.08, 10, XNAS, 4074, 2.09886e+06, 515.184, 200, 2, 100, 1, 1, 0, 0, 0, 1, 0
1635342380615, 513.84, 100, BATS, 516.83, 100, XPSX, 515.08, 4, XNAS, 4078, 2.10092e+06, 515.184, 200, 2, 100, 1, 1, 0, 0, 0, 1, 0
1635342380615, 513.84, 100, BATS, 516.83, 100, XPSX, 515.08, 1, XNAS, 4079, 2.10144e+06, 515.184, 200, 2, 100, 1, 1, 0, 0, 0, 1, 0
1635342380615, 513.84, 100, BATS, 516.83, 100, XPSX, 515.08, 22, XNAS, 4101, 2.11277e+06, 515.183, 200, 2, 100, 1, 1, 0, 0, 0, 1, 0
1635342380615, 513.84, 100, BATS, 516.83, 100, XPSX, 515.07, 1, ARCX, 4102, 2.11328e+06, 515.183, 200, 2, 100, 1, 1, 0, 0, 0, 1, 0
1635342380615, 513.84, 100, BATS, 516.83, 100, XPSX, 515.43, 10, XNAS, 4112, 2.11844e+06, 515.184, 200, 2, 100, 1, 1, 0, 0, 1, 0, 0
1635342380615, 513.84, 100, BATS, 516.83, 100, XPSX, 515.08, 1, BATS, 4113, 2.11895e+06, 515.184, 200, 2, 100, 1, 1, 0, 0, 0, 1, 0
1635342380615, 513.84, 100, BATS, 516.83, 100, XPSX, 515.08, 1, ARCX, 4114, 2.11947e+06, 515.184, 200, 2, 100, 1, 1, 0, 0, 0, 1, 0
1635342380703, 513.85, 100, XNAS, 516.83, 100, XPSX, 515.34, 11, XADF, 4125, 2.12514e+06, 515.184, 100, 1, 100, 1, 1, 1, 1, 0, 0, 0
1635342382644, 514.33, 100, XNAS, 516.89, 100, XCIS, 515.61, 10, XADF, 4135, 2.13029e+06, 515.185, 100, 1, 100, 1, 1, 1, 1, 0, 0, 0
1635342382644, 514.33, 100, XNAS, 516.89, 100, XCIS, 515.61, 10, XADF, 4145, 2.13545e+06, 515.186, 100, 1, 100, 1, 1, 1, 1, 0, 0, 0
1635342384237, 514.33, 100, XNAS, 516.89, 100, XCIS, 515.61, 1, XADF, 4146, 2.13596e+06, 515.186, 100, 1, 100, 1, 1, 1, 1, 0, 0, 0
1635342396673, 514.34, 200, XCHI, 517.84, 200, XCHI, 514.34, 1, XADF, 4148, 2.13699e+06, 515.186, 300, 2, 500, 3, 1, 1, 0, 0, 1, 0
1635342445893, 514.85, 200, XCHI, 517.84, 200, XCHI, 516.345, 1, XADF, 4149, 2.13751e+06, 515.186, 400, 3, 200, 1, 1, 1, 1, 0, 0, 0
1635342449556, 514.85, 200, XCHI, 517.16, 100, IEXG, 516.805, 10, XADF, 4159, 2.14268e+06, 515.19, 400, 3, 100, 1, 1, 1, 0, 1, 0, 0
1635342450562, 514.85, 200, XCHI, 517.16, 100, IEXG, 514.851, 1, XADF, 4160, 2.14319e+06, 515.19, 400, 3, 100, 1, 1, 1, 0, 0, 1, 0
1635342450848, 514.85, 100, ARCX, 517.16, 100, IEXG, 516.005, 1, XADF, 4161, 2.14371e+06, 515.19, 200, 2, 100, 1, 1, 1, 1, 0, 0, 0
1635342463641, 514.97, 100, XNAS, 517.16, 100, IEXG, 516.13, 45, XADF, 4206, 2.16693e+06, 515.2, 100, 1, 100, 1, 1, 1, 0, 1, 0, 0
1635342467627, 514.97, 100, XNAS, 517.16, 100, IEXG, 517.1, 6, XADF, 4212, 2.17004e+06, 515.203, 100, 1, 100, 1, 1, 1, 0, 1, 0, 0
1635342508305, 514.98, 200, XCHI, 518.92, 200, XCHI, 516.4, 13, XADF, 4225, 2.17675e+06, 515.207, 300, 2, 300, 2, 1, 1, 0, 0, 1, 0
1635342521619, 515, 200, XCHI, 518.91, 200, XCHI, 516.955, 1, XADF, 4226, 2.17727e+06, 515.207, 300, 2, 200, 1, 1, 1, 1, 0, 0, 0
1635342539677, 515.36, 100, XNAS, 518.9, 200, XCHI, 515.36, 100, XADF, 4326, 2.2288e+06, 515.211, 100, 1, 200, 1, 0, 1, 0, 0, 1, 0
1635342582035, 515.43, 100, XNAS, 518.89, 200, XCHI, 515.465, 25, XADF, 4351, 2.24169e+06, 515.212, 100, 1, 200, 1, 1, 1, 0, 0, 1, 0
1635342591954, 515.43, 100, XNAS, 518.88, 200, XCHI, 515.64, 2, XBOS, 4353, 2.24272e+06, 515.212, 100, 1, 200, 1, 1, 0, 0, 0, 1, 0
1635342595377, 515.21, 100, XNAS, 517.16, 100, IEXG, 515.43, 100, XNAS, 4453, 2.29426e+06, 515.217, 100, 1, 100, 1, 0, 1, 0, 0, 1, 0
1635342595377, 515.21, 100, XNAS, 516.81, 100, XNAS, 515.64, 8, XBOS, 4461, 2.29839e+06, 515.218, 100, 1, 200, 2, 1, 0, 0, 0, 1, 0
1635342595377, 515.21, 100, XNAS, 516.81, 100, XNAS, 515.42, 10, XNAS, 4471, 2.30354e+06, 515.218, 100, 1, 200, 2, 1, 0, 0, 0, 1, 0
1635342595378, 515.21, 100, XNAS, 516.53, 200, XPSX, 515.66, 9, BATS, 4480, 2.30818e+06, 515.219, 100, 1, 200, 1, 1, 0, 0, 0, 1, 0
1635342595378, 515.21, 100, XNAS, 516.53, 200, XPSX, 515.36, 4, XNAS, 4484, 2.31024e+06, 515.219, 100, 1, 200, 1, 1, 0, 0, 0, 1, 0
1635342595378, 515.21, 100, XNAS, 516.53, 200, XPSX, 515.66, 1, BATS, 4485, 2.31076e+06, 515.22, 100, 1, 200, 1, 1, 0, 0, 0, 1, 0
1635342595378, 515.21, 100, XNAS, 516.53, 200, XPSX, 515.35, 4, BATS, 4489, 2.31282e+06, 515.22, 100, 1, 200, 1, 1, 0, 0, 0, 1, 0
1635342595378, 515.21, 100, XNAS, 516.53, 200, XPSX, 515.35, 1, XNAS, 4490, 2.31334e+06, 515.22, 100, 1, 200, 1, 1, 0, 0, 0, 1, 0
1635342595378, 515.21, 100, XNAS, 516.29, 100, XNAS, 515.21, 97, XNAS, 4587, 2.36331e+06, 515.22, 100, 1, 100, 1, 1, 0, 0, 0, 1, 0
1635342595378, 513.88, 100, XPSX, 516.29, 100, XNAS, 515.21, 3, XNAS, 4590, 2.36486e+06, 515.22, 100, 1, 100, 1, 1, 0, 0, 1, 0, 0
1635342595378, 513.88, 100, XPSX, 516.29, 100, XNAS, 515.43, 1, ARCX, 4591, 2.36537e+06, 515.22, 100, 1, 200, 2, 1, 0, 0, 1, 0, 0
1635342595378, 513.88, 100, XPSX, 516.29, 100, XNAS, 515.43, 2, ARCX, 4593, 2.3664e+06, 515.22, 100, 1, 200, 2, 1, 0, 0, 1, 0, 0
1635342595378, 513.88, 100, XPSX, 516.29, 100, XNAS, 515.43, 8, XNYS, 4601, 2.37053e+06, 515.22, 100, 1, 200, 2, 1, 0, 0, 1, 0, 0
1635342595378, 513.88, 100, XPSX, 516.29, 100, XNAS, 515.43, 3, ARCX, 4604, 2.37207e+06, 515.22, 100, 1, 200, 2, 1, 0, 0, 1, 0, 0
1635342595378, 513.88, 100, XPSX, 516.29, 100, XNAS, 515.43, 3, ARCX, 4607, 2.37362e+06, 515.22, 100, 1, 200, 2, 1, 0, 0, 1, 0, 0
1635342595378, 513.88, 100, XPSX, 516.29, 100, XNAS, 515.43, 3, ARCX, 4610, 2.37517e+06, 515.22, 100, 1, 200, 2, 1, 0, 0, 1, 0, 0
1635342595378, 513.88, 100, XPSX, 516.29, 100, XNAS, 515.35, 1, XNYS, 4611, 2.37568e+06, 515.22, 100, 1, 300, 3, 1, 0, 0, 1, 0, 0
1635342595378, 513.88, 100, XPSX, 516.29, 100, XNAS, 515.43, 1, ARCX, 4612, 2.3762e+06, 515.221, 100, 1, 300, 3, 1, 0, 0, 1, 0, 0
1635342598069, 514.34, 100, XNAS, 516.29, 100, MEMX, 515.32, 1, XNAS, 4613, 2.37671e+06, 515.221, 100, 1, 100, 1, 1, 0, 0, 1, 0, 0
1635342608796, 515.01, 100, XNAS, 517.24, 200, XCHI, 515.21, 100, XNAS, 4713, 2.42823e+06, 515.22, 100, 1, 200, 1, 0, 1, 0, 0, 1, 0
1635342608796, 515.01, 100, XNAS, 517.24, 200, XCHI, 515.17, 20, XNAS, 4733, 2.43854e+06, 515.22, 100, 1, 200, 1, 1, 0, 0, 0, 1, 0
1635342608796, 515.01, 100, XNAS, 516.28, 100, XNAS, 515.45, 11, EDGX, 4744, 2.44421e+06, 515.221, 100, 1, 100, 1, 1, 0, 0, 0, 1, 0
1635342608796, 515.01, 100, XNAS, 516.28, 100, XNAS, 515.05, 4, BATY, 4748, 2.44627e+06, 515.22, 100, 1, 100, 1, 1, 0, 0, 0, 1, 0
1635342629899, 515.01, 100, XNAS, 516.28, 100, XNYS, 516.27, 7, XADF, 4755, 2.44988e+06, 515.222, 100, 1, 100, 1, 1, 1, 0, 1, 0, 0
1635342658215, 514.99, 100, XNAS, 516.28, 100, XNYS, 515.38, 1, XNAS, 4756, 2.4504e+06, 515.222, 100, 1, 200, 2, 1, 0, 0, 0, 1, 0
1635342658215, 514.99, 100, XNAS, 516.28, 100, XNYS, 515.01, 75, XNAS, 4831, 2.48902e+06, 515.219, 100, 1, 200, 2, 1, 0, 0, 0, 1, 0
1635342658215, 514.33, 100, XNAS, 516.28, 100, XNYS, 515.01, 25, XNAS, 4856, 2.5019e+06, 515.218, 100, 1, 200, 2, 1, 0, 0, 0, 1, 0
1635342658215, 513.83, 100, XNAS, 516.28, 100, XNYS, 515.01, 20, XNAS, 4876, 2.5122e+06, 515.217, 100, 1, 200, 2, 1, 0, 0, 0, 1, 0
1635342658215, 513.83, 100, XNAS, 516.28, 100, XNYS, 515.01, 28, XNAS, 4904, 2.52662e+06, 515.216, 100, 1, 200, 2, 1, 0, 0, 0, 1, 0
1635342658215, 513.83, 100, XNAS, 516.01, 100, XPSX, 515, 20, XNAS, 4924, 2.53692e+06, 515.215, 100, 1, 100, 1, 1, 0, 0, 1, 0, 0
1635342658215, 513.74, 100, MEMX, 516.01, 100, XPSX, 514.99, 20, XNAS, 4944, 2.54722e+06, 515.214, 100, 1, 100, 1, 1, 0, 0, 1, 0, 0
1635342658215, 513.75, 100, XPSX, 516, 200, XPSX, 515.01, 4, BATY, 4948, 2.54928e+06, 515.214, 100, 1, 200, 1, 1, 0, 0, 1, 0, 0
1635342658215, 513.75, 100, XPSX, 516, 200, XPSX, 515.01, 19, BATS, 4967, 2.55906e+06, 515.213, 100, 1, 200, 1, 1, 0, 0, 1, 0, 0
1635342658215, 513.75, 100, XPSX, 516, 200, XPSX, 515.01, 1, BATS, 4968, 2.55958e+06, 515.213, 100, 1, 200, 1, 1, 0, 0, 1, 0, 0
1635342658215, 513.75, 100, XPSX, 516, 200, XPSX, 514.97, 10, BATS, 4978, 2.56473e+06, 515.212, 100, 1, 200, 1, 1, 0, 0, 1, 0, 0
1635342658215, 513.75, 100, XPSX, 516, 200, XPSX, 514.96, 7, BATS, 4985, 2.56833e+06, 515.212, 100, 1, 400, 2, 1, 0, 0, 1, 0, 0
1635342658215, 513.75, 100, XPSX, 516, 200, XPSX, 514.98, 20, XNYS, 5005, 2.57863e+06, 515.211, 100, 1, 400, 2, 1, 0, 0, 1, 0, 0
1635342658216, 513.75, 100, XPSX, 516, 200, XPSX, 515.01, 10, ARCX, 5015, 2.58378e+06, 515.211, 100, 1, 400, 2, 1, 0, 0, 1, 0, 0
1635342658216, 513.75, 100, XPSX, 516, 200, XPSX, 515.01, 6, XNYS, 5021, 2.58687e+06, 515.21, 100, 1, 400, 2, 1, 0, 0, 1, 0, 0
1635342658216, 513.75, 100, XPSX, 516, 200, XPSX, 515.01, 16, XNYS, 5037, 2.59511e+06, 515.21, 100, 1, 400, 2, 1, 0, 0, 1, 0, 0
1635342658222, 514.34, 100, XNAS, 515.64, 100, XNAS, 514.99, 100, XNAS, 5137, 2.64661e+06, 515.206, 100, 1, 100, 1, 0, 1, 1, 0, 0, 0
1635342670995, 514.34, 100, XNAS, 515.64, 100, XNAS, 514.665, 5, XADF, 5142, 2.64918e+06, 515.205, 100, 1, 100, 1, 1, 1, 0, 0, 1, 0
1635342672858, 514.34, 100, XNAS, 515.64, 100, XNAS, 514.39, 3, XNAS, 5145, 2.65073e+06, 515.205, 100, 1, 100, 1, 1, 0, 0, 0, 1, 0
1635342672859, 514.34, 100, XNAS, 515.63, 100, XPSX, 514.34, 1, XCIS, 5146, 2.65124e+06, 515.204, 100, 1, 100, 1, 1, 0, 0, 0, 1, 0
1635342672859, 514.34, 100, XNAS, 515.63, 100, XPSX, 514.34, 1, XCIS, 5147, 2.65176e+06, 515.204, 100, 1, 100, 1, 1, 0, 0, 0, 1, 0
1635342687078, 513.74, 100, MEMX, 515.64, 200, XNAS, 514.33, 11, XNAS, 5158, 2.65741e+06, 515.202, 100, 1, 300, 2, 1, 0, 0, 0, 1, 0
1635342687078, 513.74, 100, MEMX, 515.64, 200, XNAS, 514.33, 2, XNAS, 5160, 2.65844e+06, 515.202, 100, 1, 300, 2, 1, 0, 0, 0, 1, 0
1635342687078, 513.74, 100, MEMX, 515.64, 200, XNAS, 514.33, 3, XNAS, 5163, 2.65999e+06, 515.202, 100, 1, 300, 2, 1, 0, 0, 0, 1, 0
1635342687079, 512.95, 100, XNYS, 515.37, 100, XPSX, 514.32, 11, IEXG, 5174, 2.66564e+06, 515.2, 100, 1, 100, 1, 1, 0, 0, 1, 0, 0
1635342687079, 512.96, 100, XPSX, 515.37, 100, XPSX, 514.31, 6, IEXG, 5180, 2.66873e+06, 515.199, 100, 1, 100, 1, 1, 0, 0, 1, 0, 0
1635342710706, 513.19, 100, XNAS, 515.64, 200, XNAS, 513.95, 6, IEXG, 5186, 2.67181e+06, 515.197, 100, 1, 700, 4, 1, 0, 0, 0, 1, 0
1635342713827, 513.19, 100, XNAS, 515.64, 200, XNAS, 514.415, 2, XNAS, 5188, 2.67284e+06, 515.197, 100, 1, 700, 4, 1, 0, 1, 0, 0, 0
1635342724032, 513.19, 200, XCHI, 515.63, 200, XNAS, 513.75, 5, EDGX, 5193, 2.67541e+06, 515.195, 500, 3, 400, 2, 1, 0, 0, 0, 1, 0
1635342777199, 512.95, 200, XCHI, 515.62, 200, XCHI, 513.54, 5, EDGX, 5198, 2.67798e+06, 515.194, 300, 2, 600, 4, 1, 0, 0, 0, 1, 0
1635342777199, 512.95, 200, XCHI, 515.61, 100, XPSX, 513.54, 5, EDGX, 5203, 2.68055e+06, 515.192, 300, 2, 100, 1, 1, 0, 0, 0, 1, 0
1635342829382, 512.95, 200, XCHI, 515.61, 200, XCHI, 513.29, 5, XNAS, 5208, 2.68311e+06, 515.19, 300, 2, 400, 2, 1, 0, 0, 0, 1, 0
1635342835761, 512.95, 100, XNYS, 515.6, 200, XCHI, 513.356, 10, XADF, 5218, 2.68825e+06, 515.187, 100, 1, 600, 4, 1, 1, 0, 0, 1, 0
1635342844141, 512.95, 100, XNYS, 515.54, 200, XCHI, 513.19, 2, XNAS, 5220, 2.68927e+06, 515.186, 100, 1, 500, 3, 1, 0, 0, 0, 1, 0
1635342844141, 512.95, 100, XNYS, 515.54, 200, XCHI, 513.19, 3, XNAS, 5223, 2.69081e+06, 515.185, 100, 1, 500, 3, 1, 0, 0, 0, 1, 0
1635342844141, 512.95, 100, XNYS, 515.54, 200, XCHI, 513.19, 2, XNAS, 5225, 2.69184e+06, 515.184, 100, 1, 500, 3, 1, 0, 0, 0, 1, 0
1635342844141, 512.95, 100, XNYS, 515.54, 200, XCHI, 513.19, 1, XNAS, 5226, 2.69235e+06, 515.184, 100, 1, 500, 3, 1, 0, 0, 0, 1, 0
1635342844141, 512.95, 100, XNYS, 515.54, 200, XCHI, 513.19, 1, XNAS, 5227, 2.69286e+06, 515.184, 100, 1, 500, 3, 1, 0, 0, 0, 1, 0
1635342844141, 512.95, 100, XNYS, 515.54, 200, XCHI, 513.19, 4, XNAS, 5231, 2.69492e+06, 515.182, 100, 1, 500, 3, 1, 0, 0, 0, 1, 0
1635342844141, 512.95, 100, XNYS, 515.53, 100, XPSX, 513.17, 6, XNAS, 5237, 2.698e+06, 515.18, 100, 1, 100, 1, 1, 0, 0, 0, 1, 0
1635342844141, 512.95, 100, XNYS, 515.53, 100, XPSX, 512.95, 2, XBOS, 5239, 2.69902e+06, 515.179, 100, 1, 100, 1, 1, 0, 0, 0, 1, 0
1635342844141, 512.95, 100, XNYS, 515.53, 100, XPSX, 512.95, 4, XBOS, 5243, 2.70107e+06, 515.177, 100, 1, 100, 1, 1, 0, 0, 0, 1, 0
1635342844142, 512.95, 100, XNYS, 515.53, 100, XPSX, 512.95, 3, XBOS, 5246, 2.70261e+06, 515.176, 100, 1, 100, 1, 1, 0, 0, 0, 1, 0
1635342844142, 512.95, 100, XNYS, 515.53, 100, XPSX, 512.95, 1, XBOS, 5249, 2.70415e+06, 515.175, 100, 1, 100, 1, 1, 0, 0, 0, 1, 0
1635342844142, 512.95, 100, XNYS, 515.53, 100, XPSX, 512.95, 5, XNAS, 5260, 2.7098e+06, 515.17, 100, 1, 100, 1, 1, 0, 0, 0, 1, 0
1635342844142, 511.79, 100, XPSX, 513.72, 100, XNAS, 512.75, 1, EDGX, 5290, 2.72518e+06, 515.158, 100, 1, 100, 1, 1, 0, 0, 0, 1, 0
1635342844142, 511.79, 100, XPSX, 513.72, 100, XNAS, 512.5, 8, XNAS, 5298, 2.72928e+06, 515.154, 100, 1, 100, 1, 1, 0, 0, 0, 1, 0
1635342844142, 511.79, 100, XPSX, 513.72, 100, XNAS, 512.5, 1, XNAS, 5299, 2.7298e+06, 515.153, 100, 1, 100, 1, 1, 0, 0, 0, 1, 0
1635342844142, 511.79, 100, XPSX, 513.72, 100, XNAS, 512.755, 100, XNAS, 5399, 2.78107e+06, 515.109, 100, 1, 100, 1, 0, 1, 1, 0, 0, 0
1635342844349, 511.78, 100, XPSX, 513.7, 300, XNAS, 512.5, 2, XNAS, 5401, 2.7821e+06, 515.108, 100, 1, 400, 2, 1, 0, 0, 0, 1, 0
1635342844349, 511.78, 100, XPSX, 513.7, 300, XNAS, 512.5, 39, XNAS, 5440, 2.80208e+06, 515.089, 100, 1, 400, 2, 1, 0, 0, 0, 1, 0
1635342845075, 511.16, 100, XCIS, 513.09, 100, IEXG, 512.13, 1, EDGX, 5441, 2.8026e+06, 515.088, 100, 1, 200, 2, 1, 0, 0, 1, 0, 0
1635342845574, 509.5, 200, XCHI, 513.09, 100, XNAS, 513.02, 100, XNAS, 5541, 2.8539e+06, 515.051, 500, 3, 100, 1, 0, 1, 0, 1, 0, 0
1635342845574, 509.5, 200, XCHI, 513.09, 100, XNAS, 513.02, 20, XNAS, 5561, 2.86416e+06, 515.044, 500, 3, 100, 1, 1, 0, 0, 1, 0, 0
1635342847757, 511.09, 100, ARCX, 513.09, 100, XNAS, 512.09, 100, XADF, 5661, 2.91537e+06, 514.992, 100, 1, 100, 1, 0, 1, 1, 0, 0, 0
1635342865628, 511.2, 100, BATS, 513.09, 300, XNAS, 512.145, 1, XADF, 5662, 2.91588e+06, 514.991, 100, 1, 400, 2, 1, 1, 1, 0, 0, 0
1635342878554, 511.2, 100, ARCX, 513.08, 100, XPSX, 511.39, 5, ARCX, 5667, 2.91844e+06, 514.988, 100, 1, 100, 1, 1, 0, 0, 0, 1, 0
1635342895760, 511.04, 100, XNYS, 513.08, 100, XNAS, 512.06, 1, XADF, 5668, 2.91895e+06, 514.987, 100, 1, 100, 1, 1, 1, 1, 0, 0, 0
1635342900003, 511.04, 100, XNYS, 513.08, 100, XNAS, 511.55, 1, EDGA, 5669, 2.91946e+06, 514.987, 100, 1, 100, 1, 1, 0, 0, 0, 1, 0
1635342900003, 511.04, 100, XNYS, 513.07, 100, XPSX, 511.09, 9, XNYS, 5678, 2.92406e+06, 514.981, 100, 1, 100, 1, 1, 0, 0, 0, 1, 0
1635342923946, 512.1, 100, XNAS, 513.08, 200, XNAS, 513.08, 5, XADF, 5683, 2.92663e+06, 514.979, 200, 2, 200, 1, 1, 1, 0, 1, 0, 0
1635342930769, 512.23, 100, BATS, 513.08, 200, XNAS, 512.27, 5, XNYS, 5688, 2.92919e+06, 514.977, 200, 2, 200, 1, 1, 0, 0, 0, 1, 0
1635342931924, 512.36, 100, ARCX, 513.08, 200, XNAS, 512.97, 20, XNAS, 5708, 2.93945e+06, 514.97, 200, 2, 200, 1, 1, 0, 0, 1, 0, 0
1635342931924, 512.36, 100, ARCX, 513.08, 100, XNAS, 513.08, 50, XNAS, 5758, 2.9651e+06, 514.953, 200, 2, 100, 1, 1, 0, 0, 1, 0, 0
1635342931924, 512.36, 100, ARCX, 513.08, 100, XNAS, 513.08, 50, XNAS, 5808, 2.99075e+06, 514.937, 200, 2, 100, 1, 1, 0, 0, 1, 0, 0
1635342931924, 512.36, 100, ARCX, 513.09, 100, XNAS, 513.08, 100, XNAS, 5908, 3.04206e+06, 514.906, 200, 2, 100, 1, 0, 1, 0, 1, 0, 0
1635342931924, 512.36, 100, ARCX, 513.09, 100, XNAS, 513.09, 2, XNAS, 5910, 3.04309e+06, 514.905, 200, 2, 100, 1, 1, 0, 0, 1, 0, 0
1635342931924, 512.36, 100, ARCX, 513.09, 100, XNAS, 513.09, 2, XNAS, 5912, 3.04411e+06, 514.904, 200, 2, 100, 1, 1, 0, 0, 1, 0, 0
1635342931924, 512.36, 100, ARCX, 513.09, 100, XNAS, 513.09, 1, XNAS, 5913, 3.04463e+06, 514.904, 200, 2, 100, 1, 1, 0, 0, 1, 0, 0
1635342931924, 512.36, 100, ARCX, 513.09, 100, XNAS, 513.09, 2, XNAS, 5915, 3.04565e+06, 514.903, 200, 2, 100, 1, 1, 0, 0, 1, 0, 0
1635342931924, 512.36, 100, ARCX, 513.09, 100, XNAS, 513.09, 15, XNAS, 5930, 3.05335e+06, 514.899, 200, 2, 100, 1, 1, 0, 0, 1, 0, 0
1635342931924, 512.37, 100, ARCX, 513.09, 100, XNAS, 512.86, 100, EDGX, 6030, 3.10464e+06, 514.865, 100, 1, 100, 1, 0, 1, 0, 1, 0, 0
1635342931924, 512.37, 100, ARCX, 513.34, 100, XNAS, 513.09, 11, XNAS, 6041, 3.11028e+06, 514.862, 100, 1, 100, 1, 1, 0, 0, 1, 0, 0
1635342931924, 512.37, 100, ARCX, 514.82, 100, XNAS, 513.09, 67, XNAS, 6108, 3.14466e+06, 514.842, 100, 1, 100, 1, 1, 0, 0, 0, 1, 0
1635342931924, 512.37, 100, ARCX, 514.82, 100, XNAS, 513.09, 6, XNAS, 6114, 3.14774e+06, 514.841, 100, 1, 100, 1, 1, 0, 0, 0, 1, 0
1635342931924, 512.37, 100, ARCX, 514.82, 100, XNAS, 513.09, 22, XNAS, 6136, 3.15902e+06, 514.834, 100, 1, 100, 1, 1, 0, 0, 0, 1, 0
1635342931924, 512.37, 100, ARCX, 514.81, 100, XPSX, 512.97, 13, XNYS, 6149, 3.16569e+06, 514.83, 100, 1, 100, 1, 1, 0, 0, 0, 1, 0
1635342931924, 512.37, 100, ARCX, 514.81, 100, XPSX, 513.08, 1, ARCX, 6150, 3.16621e+06, 514.83, 100, 1, 100, 1, 1, 0, 0, 0, 1, 0
1635342931924, 512.37, 100, ARCX, 514.81, 100, XPSX, 513.07, 10, XCIS, 6160, 3.17134e+06, 514.827, 100, 1, 100, 1, 1, 0, 0, 0, 1, 0
1635342931924, 512.37, 100, ARCX, 514.81, 100, XPSX, 513.07, 10, XCIS, 6170, 3.17647e+06, 514.824, 100, 1, 100, 1, 1, 0, 0, 0, 1, 0
1635342931924, 512.37, 100, ARCX, 514.81, 100, XPSX, 513.07, 10, XCIS, 6180, 3.1816e+06, 514.822, 100, 1, 100, 1, 1, 0, 0, 0, 1, 0
1635342931924, 512.37, 100, ARCX, 514.81, 100, XPSX, 513.14, 4, XBOS, 6184, 3.18365e+06, 514.821, 100, 1, 100, 1, 1, 0, 0, 0, 1, 0
1635342931924, 512.37, 100, ARCX, 514.81, 100, XPSX, 513.09, 1, ARCX, 6185, 3.18416e+06, 514.82, 100, 1, 100, 1, 1, 0, 0, 0, 1, 0
1635342931924, 512.37, 100, ARCX, 514.81, 100, XPSX, 513.34, 1, XNAS, 6186, 3.18468e+06, 514.82, 100, 1, 100, 1, 1, 0, 0, 0, 1, 0
1635342931924, 512.37, 100, ARCX, 514.81, 100, XPSX, 513.34, 1, XNAS, 6187, 3.18519e+06, 514.82, 100, 1, 100, 1, 1, 0, 0, 0, 1, 0
1635342931924, 512.37, 100, ARCX, 514.81, 100, XPSX, 513.34, 6, XNAS, 6193, 3.18827e+06, 514.818, 100, 1, 100, 1, 1, 0, 0, 0, 1, 0
1635342931924, 512.37, 100, ARCX, 514.81, 100, XPSX, 513.34, 1, XNAS, 6194, 3.18878e+06, 514.818, 100, 1, 100, 1, 1, 0, 0, 0, 1, 0
1635342931924, 512.37, 100, ARCX, 514.81, 100, XPSX, 513.34, 51, XNAS, 6245, 3.21496e+06, 514.806, 100, 1, 100, 1, 1, 0, 0, 0, 1, 0
1635342931924, 512.37, 100, ARCX, 514.81, 100, XPSX, 512.75, 100, EDGA, 6345, 3.26624e+06, 514.774, 100, 1, 100, 1, 0, 1, 0, 0, 1, 0
1635343015111, 512.38, 100, XNYS, 514.7, 300, XNAS, 512.39, 1, XADF, 6346, 3.26675e+06, 514.773, 100, 1, 400, 2, 1, 1, 0, 0, 1, 0
1635343055564, 512.39, 100, XNAS, 514.7, 200, XNAS, 512.39, 1, XADF, 6347, 3.26726e+06, 514.773, 200, 2, 300, 2, 1, 1, 0, 0, 1, 0
1635343055565, 512.39, 100, XNAS, 514.69, 100, XPSX, 514.7, 49, XADF, 6396, 3.29248e+06, 514.772, 200, 2, 100, 1, 1, 1, 0, 1, 0, 1
1635343078032, 512.39, 100, IEXG, 514.69, 100, IEXG, 513.54, 1, XNAS, 6397, 3.293e+06, 514.772, 200, 2, 200, 2, 1, 0, 1, 0, 0, 0
1635343078032, 512.39, 100, IEXG, 514.69, 100, IEXG, 513.54, 99, XNAS, 6496, 3.34384e+06, 514.753, 200, 2, 200, 2, 1, 0, 1, 0, 0, 0
1635343078032, 512.39, 100, IEXG, 514.69, 100, IEXG, 513.54, 1, XNAS, 6497, 3.34435e+06, 514.753, 200, 2, 200, 2, 1, 0, 1, 0, 0, 0
1635343101337, 512.39, 200, XCHI, 514.68, 100, IEXG, 513.535, 1, XADF, 6498, 3.34487e+06, 514.753, 400, 3, 200, 2, 1, 1, 1, 0, 0, 0
1635343158143, 512.4, 200, XCHI, 514.65, 100, IEXG, 514.65, 1, XADF, 6499, 3.34538e+06, 514.753, 200, 1, 200, 2, 1, 1, 0, 1, 0, 0
1635343173951, 512.41, 200, XCHI, 514.65, 100, IEXG, 514.01, 8, XADF, 6507, 3.34949e+06, 514.752, 200, 1, 200, 2, 1, 1, 0, 1, 0, 0
1635343180100, 512.42, 200, XCHI, 514.65, 100, IEXG, 512.42, 1, XADF, 6508, 3.35e+06, 514.752, 200, 1, 200, 2, 1, 1, 0, 0, 1, 0
1635343182498, 512.42, 200, XCHI, 514.65, 100, IEXG, 512.78, 1, XNAS, 6509, 3.35052e+06, 514.751, 200, 1, 200, 2, 1, 0, 0, 0, 1, 0
1635343182498, 512.42, 200, XCHI, 514.65, 100, IEXG, 512.78, 4, XNAS, 6513, 3.35257e+06, 514.75, 200, 1, 200, 2, 1, 0, 0, 0, 1, 0
1635343221298, 512.39, 100, XNAS, 514.55, 200, XCHI, 513.47, 1, XADF, 6514, 3.35308e+06, 514.75, 100, 1, 400, 3, 1, 1, 1, 0, 0, 0
1635343234880, 512.39, 200, XCHI, 514.53, 100, XPSX, 512.78, 2, ARCX, 6516, 3.35411e+06, 514.749, 500, 3, 100, 1, 1, 0, 0, 0, 1, 0
1635343238779, 512.39, 100, XNAS, 514.53, 200, XCHI, 513.21, 19, XNAS, 6535, 3.36386e+06, 514.745, 100, 1, 200, 1, 1, 0, 0, 0, 1, 0
1635343249274, 512.39, 200, XNAS, 514.52, 200, XCHI, 513.41, 1, XADF, 6536, 3.36437e+06, 514.745, 200, 1, 500, 3, 1, 1, 0, 0, 1, 0
1635343258172, 512.39, 200, XNAS, 514.51, 200, XCHI, 512.66, 5, XNAS, 6541, 3.36693e+06, 514.743, 200, 1, 500, 3, 1, 0, 0, 0, 1, 0
1635343261849, 512.39, 200, XNAS, 514.5, 200, XCHI, 513.1, 1, BATS, 6542, 3.36745e+06, 514.743, 200, 1, 200, 1, 1, 0, 0, 0, 1, 0
1635343284031, 512.39, 200, XNAS, 514.49, 200, XCHI, 513.44, 1, XADF, 6543, 3.36796e+06, 514.743, 200, 1, 600, 3, 1, 1, 1, 0, 0, 0
1635343307317, 512.39, 200, XNAS, 514.48, 300, XNAS, 512.63, 100, XNAS, 6643, 3.41922e+06, 514.711, 200, 1, 700, 3, 0, 1, 0, 0, 1, 0
1635343307317, 512.39, 200, XNAS, 514.48, 300, XNAS, 512.5, 100, XNAS, 6743, 3.47047e+06, 514.678, 200, 1, 700, 3, 0, 1, 0, 0, 1, 0
1635343307317, 512.39, 200, XNAS, 514.48, 300, XNAS, 512.52, 10, XBOS, 6753, 3.4756e+06, 514.675, 200, 1, 700, 3, 1, 0, 0, 0, 1, 0
1635343307317, 512.39, 200, XNAS, 514.47, 100, XPSX, 512.52, 1, XBOS, 6760, 3.47919e+06, 514.673, 200, 1, 100, 1, 1, 0, 0, 0, 1, 0
1635343307318, 512.39, 200, XNAS, 514.47, 100, XPSX, 512.4, 6, ARCX, 6766, 3.48226e+06, 514.671, 200, 1, 100, 1, 1, 0, 0, 0, 1, 0
1635343307318, 512.39, 200, XNAS, 513.47, 100, IEXG, 512.39, 64, XNAS, 6830, 3.51505e+06, 514.649, 200, 1, 100, 1, 1, 0, 0, 0, 1, 0
1635343307318, 512.39, 100, XNAS, 513.47, 100, IEXG, 512.41, 30, XBOS, 6860, 3.53043e+06, 514.639, 100, 1, 100, 1, 1, 0, 0, 0, 1, 0
1635343307319, 512.39, 100, XNAS, 513.47, 100, IEXG, 512.41, 11, XBOS, 6871, 3.53606e+06, 514.636, 100, 1, 100, 1, 1, 0, 0, 0, 1, 0
1635343321177, 512.39, 100, XNAS, 514.48, 300, XNAS, 512.39, 1, XADF, 6872, 3.53658e+06, 514.636, 100, 1, 700, 3, 1, 1, 0, 0, 1, 0
1635343322537, 512.39, 100, XNAS, 514.47, 200, XCHI, 513.43, 1, XADF, 6873, 3.53709e+06, 514.635, 100, 1, 200, 1, 1, 1, 1, 0, 0, 0
1635343327442, 512.39, 100, XNAS, 514.46, 200, XCHI, 513.425, 78, XADF, 6951, 3.57714e+06, 514.622, 100, 1, 600, 3, 1, 1, 1, 0, 0, 0
1635343328531, 512.39, 100, XNAS, 514.45, 200, XCHI, 512.46, 1, BATY, 6952, 3.57765e+06, 514.622, 100, 1, 200, 1, 1, 0, 0, 0, 1, 0
1635343330794, 512.39, 100, XNAS, 514.4, 200, XCHI, 513.834, 79, XADF, 7031, 3.61824e+06, 514.613, 100, 1, 600, 4, 1, 1, 0, 1, 0, 0
1635343349667, 512.39, 100, XNAS, 514.4, 200, XCHI, 512.4, 5, XBOS, 7036, 3.6208e+06, 514.611, 100, 1, 800, 5, 1, 0, 0, 0, 1, 0
1635343349667, 512.39, 100, XNAS, 514.4, 200, XCHI, 512.4, 5, XBOS, 7041, 3.62337e+06, 514.61, 100, 1, 800, 5, 1, 0, 0, 0, 1, 0
1635343350215, 512.26, 100, BATS, 513.46, 100, XNAS, 512.41, 10, XNAS, 7051, 3.62849e+06, 514.606, 100, 1, 100, 1, 1, 0, 0, 0, 1, 0
1635343350215, 512.26, 100, BATS, 513.46, 100, XNAS, 512.4, 15, XNAS, 7066, 3.63618e+06, 514.602, 100, 1, 100, 1, 1, 0, 0, 0, 1, 0
1635343350215, 512.26, 100, BATS, 513.46, 100, XNAS, 512.39, 36, XNAS, 7102, 3.65462e+06, 514.59, 100, 1, 100, 1, 1, 0, 0, 0, 1, 0
1635343350215, 512.26, 100, BATS, 513.46, 100, XNAS, 512.39, 1, XNAS, 7103, 3.65513e+06, 514.59, 100, 1, 100, 1, 1, 0, 0, 0, 1, 0
1635343350215, 512.26, 100, BATS, 513.46, 100, XNAS, 512.39, 38, XNAS, 7141, 3.6746e+06, 514.578, 100, 1, 100, 1, 1, 0, 0, 0, 1, 0
1635343350215, 512.26, 100, BATS, 513.46, 100, XNAS, 512.39, 62, XNAS, 7203, 3.70637e+06, 514.56, 100, 1, 100, 1, 1, 0, 0, 0, 1, 0
1635343350215, 512.26, 100, BATS, 513.46, 100, XNAS, 512.39, 1, XNAS, 7204, 3.70689e+06, 514.559, 100, 1, 100, 1, 1, 0, 0, 0, 1, 0
1635343350215, 512.26, 100, BATS, 513.46, 100, XNAS, 512.39, 8, XNAS, 7212, 3.71098e+06, 514.557, 100, 1, 100, 1, 1, 0, 0, 0, 1, 0
1635343350215, 512.26, 100, BATS, 513.46, 100, XNAS, 512.39, 21, XNAS, 7233, 3.72174e+06, 514.551, 100, 1, 100, 1, 1, 0, 0, 0, 1, 0
1635343350216, 512.26, 100, BATS, 512.91, 100, XNAS, 512.42, 6, ARCX, 7239, 3.72482e+06, 514.549, 100, 1, 100, 1, 1, 0, 0, 0, 1, 0
1635343350216, 512.26, 100, BATS, 512.91, 100, XNAS, 512.42, 4, ARCX, 7243, 3.72687e+06, 514.548, 100, 1, 100, 1, 1, 0, 0, 0, 1, 0
1635343350216, 512.26, 100, BATS, 512.91, 100, XNAS, 512.41, 2, ARCX, 7245, 3.72789e+06, 514.547, 100, 1, 100, 1, 1, 0, 0, 0, 1, 0
1635343350216, 512.26, 100, BATS, 512.91, 100, XNAS, 512.41, 6, ARCX, 7251, 3.73097e+06, 514.545, 100, 1, 100, 1, 1, 0, 0, 0, 1, 0
1635343350216, 512.26, 100, BATS, 512.91, 100, XNAS, 512.38, 6, XNYS, 7257, 3.73404e+06, 514.544, 100, 1, 100, 1, 1, 0, 0, 0, 1, 0
1635343350216, 512.26, 100, BATS, 512.91, 100, XNAS, 512.41, 2, ARCX, 7259, 3.73507e+06, 514.543, 100, 1, 100, 1, 1, 0, 0, 0, 1, 0
1635343350216, 512.26, 100, BATS, 512.91, 100, XNAS, 512.39, 4, ARCX, 7263, 3.73712e+06, 514.542, 100, 1, 100, 1, 1, 0, 0, 0, 1, 0
1635343350216, 512.26, 100, BATS, 512.91, 100, XNAS, 512.39, 2, ARCX, 7265, 3.73814e+06, 514.541, 100, 1, 100, 1, 1, 0, 0, 0, 1, 0
1635343350216, 512.26, 100, BATS, 512.91, 100, XNAS, 512.26, 1, XNAS, 7266, 3.73865e+06, 514.541, 100, 1, 100, 1, 1, 0, 0, 0, 1, 0
1635343350216, 512.26, 100, BATS, 512.91, 100, XNAS, 512.37, 1, XNYS, 7267, 3.73917e+06, 514.541, 100, 1, 100, 1, 1, 0, 0, 0, 1, 0
1635343350216, 512.26, 100, BATS, 512.91, 100, XNAS, 512.37, 1, XNYS, 7268, 3.73968e+06, 514.54, 100, 1, 100, 1, 1, 0, 0, 0, 1, 0
1635343350216, 512.26, 100, BATS, 512.91, 100, XNAS, 512.37, 9, XNYS, 7277, 3.74429e+06, 514.538, 100, 1, 100, 1, 1, 0, 0, 0, 1, 0
1635343350216, 512.26, 100, BATS, 512.91, 100, XNAS, 512.37, 5, ARCX, 7282, 3.74685e+06, 514.536, 100, 1, 100, 1, 1, 0, 0, 0, 1, 0
1635343350216, 512.26, 100, BATS, 512.91, 100, XNAS, 512.37, 4, XNYS, 7286, 3.7489e+06, 514.535, 100, 1, 100, 1, 1, 0, 0, 0, 1, 0
1635343350216, 512.24, 100, BATS, 512.91, 100, XNAS, 512.26, 22, BATS, 7308, 3.76017e+06, 514.528, 100, 1, 100, 1, 1, 0, 0, 0, 1, 0
1635343350216, 512.24, 100, BATS, 512.91, 100, XNAS, 512.26, 78, BATS, 7386, 3.80013e+06, 514.504, 100, 1, 100, 1, 1, 0, 0, 0, 1, 0
1635343350216, 511.46, 100, XNYS, 512.65, 100, MEMX, 512.24, 33, BATS, 7419, 3.81703e+06, 514.494, 100, 1, 100, 1, 1, 0, 0, 1, 0, 0
1635343350217, 511.46, 100, XNYS, 512.65, 100, MEMX, 512.06, 1, EDGX, 7420, 3.81754e+06, 514.494, 100, 1, 100, 1, 1, 0, 0, 1, 0, 0
1635343351215, 511.13, 100, XNYS, 512.91, 100, XNAS, 512.02, 1, XNAS, 7421, 3.81806e+06, 514.493, 100, 1, 100, 1, 1, 0, 1, 0, 0, 0
1635343352146, 511.13, 200, XCHI, 512.9, 100, XNAS, 512.47, 100, XNAS, 7521, 3.8693e+06, 514.466, 300, 2, 100, 1, 0, 1, 0, 1, 0, 0
1635343352147, 511.94, 100, BATS, 512.9, 100, XNAS, 512.83, 1, ARCX, 7522, 3.86982e+06, 514.466, 100, 1, 100, 1, 1, 0, 0, 1, 0, 0
1635343354029, 511.94, 100, BATS, 512.89, 100, XNAS, 512.415, 1, XADF, 7523, 3.87033e+06, 514.466, 100, 1, 100, 1, 1, 1, 1, 0, 0, 0
1635343365315, 511.14, 200, XCHI, 512.89, 200, XNAS, 512.727, 2, XADF, 7525, 3.87135e+06, 514.466, 300, 2, 200, 1, 1, 1, 0, 1, 0, 0
1635343404855, 511.14, 200, XCHI, 512.88, 300, XNAS, 512.01, 5, XNAS, 7530, 3.87391e+06, 514.464, 300, 2, 300, 1, 1, 0, 1, 0, 0, 0
1635343404855, 511.14, 200, XCHI, 512.88, 300, XNAS, 512.01, 5, XNAS, 7535, 3.87647e+06, 514.462, 300, 2, 300, 1, 1, 0, 1, 0, 0, 0
1635343404856, 511.14, 200, XCHI, 512.88, 300, XNAS, 512.01, 10, ARCX, 7545, 3.88159e+06, 514.459, 300, 2, 300, 1, 1, 0, 1, 0, 0, 0
1635343404856, 511.14, 200, XCHI, 512.88, 300, XNAS, 512.01, 20, ARCX, 7565, 3.89183e+06, 514.453, 300, 2, 300, 1, 1, 0, 1, 0, 0, 0
1635343404870, 511.14, 100, XNYS, 512.86, 100, IEXG, 512.01, 10, BATS, 7575, 3.89695e+06, 514.449, 100, 1, 100, 1, 1, 0, 0, 1, 0, 0
1635343408842, 511.14, 100, XNYS, 512.31, 200, XNAS, 511.34, 19, XNAS, 7594, 3.90667e+06, 514.442, 100, 1, 200, 1, 1, 0, 0, 0, 1, 0
1635343408842, 511.14, 100, XNYS, 512.31, 200, XNAS, 511.23, 1, XNAS, 7595, 3.90718e+06, 514.441, 100, 1, 200, 1, 1, 0, 0, 0, 1, 0
1635343408842, 511.14, 100, XNYS, 512.3, 100, XPSX, 511.2, 10, XNAS, 7605, 3.91229e+06, 514.437, 100, 1, 100, 1, 1, 0, 0, 0, 1, 0
1635343408842, 511.14, 100, XNYS, 512.3, 100, XPSX, 511.17, 1, XNAS, 7606, 3.9128e+06, 514.436, 100, 1, 100, 1, 1, 0, 0, 0, 1, 0
1635343408842, 511.14, 100, XNYS, 512.3, 100, XPSX, 511.14, 1, XNAS, 7607, 3.91331e+06, 514.436, 100, 1, 100, 1, 1, 0, 0, 0, 1, 0
1635343408842, 511.14, 100, XNYS, 512.3, 100, XPSX, 511.14, 1, XNYS, 7608, 3.91383e+06, 514.436, 100, 1, 100, 1, 1, 0, 0, 0, 1, 0
1635343408842, 510.41, 100, XNYS, 512.3, 100, XPSX, 511.14, 1, XNYS, 7609, 3.91434e+06, 514.435, 100, 1, 100, 1, 1, 0, 0, 0, 1, 0
1635343408842, 510.41, 100, XNYS, 512.3, 100, XPSX, 511.14, 1, XNYS, 7610, 3.91485e+06, 514.435, 100, 1, 100, 1, 1, 0, 0, 0, 1, 0
1635343408842, 510.41, 100, XNYS, 512.3, 100, XPSX, 511.14, 97, XNYS, 7707, 3.96443e+06, 514.393, 100, 1, 100, 1, 1, 0, 0, 0, 1, 0
1635343408843, 510.41, 100, XNYS, 512.3, 100, XPSX, 511.14, 4, ARCX, 7711, 3.96647e+06, 514.392, 100, 1, 100, 1, 1, 0, 0, 0, 1, 0
1635343408862, 510.19, 200, XCHI, 512.3, 100, XPSX, 510.82, 1, BATS, 7712, 3.96698e+06, 514.391, 300, 2, 100, 1, 1, 0, 0, 0, 1, 0
1635343408871, 509.6, 100, XBOS, 511.8, 100, IEXG, 511.14, 100, XNAS, 7812, 4.0181e+06, 514.349, 300, 3, 100, 1, 0, 1, 0, 1, 0, 0
1635343409475, 509.53, 100, XCIS, 511.8, 100, XNAS, 510.665, 1, XADF, 7813, 4.01861e+06, 514.349, 100, 1, 200, 2, 1, 1, 1, 0, 0, 0
1635343409569, 509.53, 100, XCIS, 511.8, 100, XNAS, 510.665, 1, XADF, 7814, 4.01912e+06, 514.349, 100, 1, 200, 2, 1, 1, 1, 0, 0, 0
1635343412255, 509.53, 200, XCHI, 511.8, 300, XNAS, 510.2, 10, XADF, 7824, 4.02422e+06, 514.343, 300, 2, 400, 2, 1, 1, 0, 0, 1, 0
1635343416670, 509.53, 200, XCHI, 511.8, 400, XNAS, 511.3, 7, XADF, 7831, 4.0278e+06, 514.34, 200, 1, 500, 2, 1, 1, 0, 1, 0, 0
1635343425138, 508.89, 100, ARCX, 511.76, 200, XCHI, 510.325, 3, XNAS, 7834, 4.02933e+06, 514.339, 100, 1, 300, 2, 1, 0, 1, 0, 0, 0
1635343425138, 508.89, 100, ARCX, 511.76, 200, XCHI, 510.325, 1, XNAS, 7835, 4.02984e+06, 514.338, 100, 1, 300, 2, 1, 0, 1, 0, 0, 0
1635343425138, 508.9, 100, XPSX, 511.75, 100, XPSX, 510.325, 1, XNAS, 7836, 4.03035e+06, 514.338, 100, 1, 100, 1, 1, 0, 1, 0, 0, 0
1635343441049, 508.89, 200, XCHI, 511.46, 300, XNAS, 510.91, 1, BATS, 7837, 4.03086e+06, 514.337, 300, 2, 600, 3, 1, 0, 0, 1, 0, 0
1635343453640, 509.16, 100, IEXG, 511.46, 400, XNAS, 511.46, 1, XADF, 7838, 4.03137e+06, 514.337, 100, 1, 800, 4, 1, 1, 0, 1, 0, 0
1635343456012, 509.16, 100, IEXG, 511.12, 100, XPSX, 509.77, 5, ARCX, 7843, 4.03392e+06, 514.334, 100, 1, 100, 1, 1, 0, 0, 0, 1, 0
1635343460629, 509.16, 100, IEXG, 511.13, 200, XCHI, 509.87, 1, XNAS, 7844, 4.03443e+06, 514.334, 100, 1, 500, 3, 1, 0, 0, 0, 1, 0
1635343463456, 509.16, 100, IEXG, 511.12, 200, XCHI, 509.59, 1, XNAS, 7845, 4.03494e+06, 514.333, 100, 1, 300, 2, 1, 0, 0, 0, 1, 0
1635343463778, 509.16, 100, IEXG, 511.11, 200, XCHI, 509.53, 1, XNAS, 7846, 4.03545e+06, 514.332, 100, 1, 200, 1, 1, 0, 0, 0, 1, 0
1635343464358, 509.16, 100, IEXG, 511.12, 100, XNAS, 509.53, 1, XNAS, 7847, 4.03596e+06, 514.332, 100, 1, 100, 1, 1, 0, 0, 0, 1, 0
1635343464809, 509.16, 100, IEXG, 511.12, 200, XCHI, 509.53, 1, XNAS, 7848, 4.03647e+06, 514.331, 100, 1, 300, 2, 1, 0, 0, 0, 1, 0
1635343465405, 509.16, 100, IEXG, 511.12, 200, IEXG, 509.53, 1, XNAS, 7849, 4.03698e+06, 514.331, 100, 1, 300, 2, 1, 0, 0, 0, 1, 0
1635343465770, 509.16, 100, IEXG, 511.12, 200, IEXG, 509.53, 1, XNAS, 7850, 4.03749e+06, 514.33, 100, 1, 600, 4, 1, 0, 0, 0, 1, 0
1635343466155, 509.16, 100, IEXG, 511.12, 200, IEXG, 509.53, 1, XNAS, 7851, 4.038e+06, 514.329, 100, 1, 400, 3, 1, 0, 0, 0, 1, 0
1635343466562, 509.16, 100, IEXG, 511.12, 200, XCHI, 509.53, 1, XNAS, 7852, 4.03851e+06, 514.329, 100, 1, 400, 3, 1, 0, 0, 0, 1, 0
1635343466906, 509.16, 100, IEXG, 511.12, 200, IEXG, 509.53, 1, XNAS, 7853, 4.03902e+06, 514.328, 100, 1, 400, 3, 1, 0, 0, 0, 1, 0
1635343467261, 509.16, 100, IEXG, 511.12, 100, XNAS, 509.53, 1, XNAS, 7854, 4.03953e+06, 514.328, 100, 1, 200, 2, 1, 0, 0, 0, 1, 0
1635343476655, 509.16, 100, IEXG, 510.6, 300, XNAS, 509.39, 33, IEXG, 7887, 4.05634e+06, 514.307, 100, 1, 500, 2, 1, 0, 0, 0, 1, 0
1635343481380, 509.02, 100, IEXG, 510.31, 200, XNAS, 509.646, 15, XADF, 7902, 4.06398e+06, 514.298, 200, 2, 200, 1, 1, 1, 0, 0, 1, 0
1635343493237, 509.03, 100, IEXG, 510.31, 100, XNAS, 509.03, 1, XADF, 7903, 4.06449e+06, 514.297, 100, 1, 200, 2, 1, 1, 0, 0, 1, 0
1635343505135, 509.04, 100, IEXG, 510.31, 100, XNAS, 509.27, 5, IEXG, 7908, 4.06704e+06, 514.294, 100, 1, 200, 2, 1, 0, 0, 0, 1, 0
1635343505136, 509.04, 100, IEXG, 510.31, 100, XNAS, 509.675, 1, XNAS, 7909, 4.06755e+06, 514.294, 100, 1, 200, 2, 1, 0, 1, 0, 0, 0
1635343505136, 509.04, 100, IEXG, 510.31, 100, XNAS, 509.8, 2, IEXG, 7911, 4.06857e+06, 514.292, 100, 1, 200, 2, 1, 0, 0, 1, 0, 0
1635343505136, 509.04, 100, IEXG, 510.31, 100, XNAS, 509.675, 1, XNAS, 7912, 4.06908e+06, 514.292, 100, 1, 200, 2, 1, 0, 1, 0, 0, 0
1635343505136, 509.04, 100, IEXG, 510.31, 100, XNAS, 509.675, 23, XNAS, 7935, 4.0808e+06, 514.278, 100, 1, 200, 2, 1, 0, 1, 0, 0, 0
1635343505136, 509.04, 100, IEXG, 510.31, 100, XNAS, 509.85, 2, IEXG, 7937, 4.08182e+06, 514.277, 100, 1, 200, 2, 1, 0, 0, 1, 0, 0
1635343509578, 509.04, 100, IEXG, 510.31, 100, XNAS, 509.675, 1, XADF, 7938, 4.08233e+06, 514.277, 100, 1, 200, 2, 1, 1, 1, 0, 0, 0
1635343515360, 509.13, 100, IEXG, 510.31, 100, ARCX, 510.125, 1, XADF, 7939, 4.08284e+06, 514.276, 100, 1, 200, 2, 1, 1, 0, 1, 0, 0
1635343523172, 509.15, 100, IEXG, 510.31, 100, ARCX, 509.73, 1, XNAS, 7940, 4.08335e+06, 514.276, 100, 1, 200, 2, 1, 0, 1, 0, 0, 0
1635343523377, 509.15, 100, IEXG, 510.31, 100, ARCX, 509.73, 1, XADF, 7941, 4.08386e+06, 514.275, 100, 1, 200, 2, 1, 1, 1, 0, 0, 0
1635343525122, 509.16, 100, IEXG, 510.31, 100, ARCX, 509.735, 1, XADF, 7942, 4.08437e+06, 514.275, 100, 1, 200, 2, 1, 1, 1, 0, 0, 0
1635343537526, 509.23, 100, IEXG, 510.31, 100, ARCX, 509.46, 5, IEXG, 7947, 4.08692e+06, 514.272, 100, 1, 200, 2, 1, 0, 0, 0, 1, 0
1635343539569, 509.26, 100, IEXG, 510.31, 100, ARCX, 510.31, 1, XADF, 7948, 4.08743e+06, 514.271, 100, 1, 200, 2, 1, 1, 0, 1, 0, 0
1635343556562, 509.31, 100, IEXG, 510.31, 100, ARCX, 509.81, 33, XADF, 7981, 4.10425e+06, 514.253, 100, 1, 200, 2, 1, 1, 1, 0, 0, 0
1635343556566, 509.31, 100, IEXG, 510.31, 100, ARCX, 509.53, 5, IEXG, 7986, 4.1068e+06, 514.25, 100, 1, 200, 2, 1, 0, 0, 0, 1, 0
1635343558342, 509.29, 100, XNAS, 510.31, 100, XNAS, 509.35, 2, BATY, 7988, 4.10782e+06, 514.248, 100, 1, 100, 1, 1, 0, 0, 0, 1, 0
1635343562268, 509.29, 100, XNAS, 510.31, 100, XNAS, 510.2, 5, XADF, 7993, 4.11037e+06, 514.246, 100, 1, 100, 1, 1, 1, 0, 1, 0, 0
1635343562750, 509.29, 100, XNAS, 510.31, 100, XNAS, 509.36, 1, ARCX, 7994, 4.11088e+06, 514.245, 100, 1, 100, 1, 1, 0, 0, 0, 1, 0
1635343565446, 509.29, 100, XNAS, 510.31, 100, XNAS, 509.4, 1, XNAS, 7995, 4.11139e+06, 514.245, 100, 1, 100, 1, 1, 0, 0, 0, 1, 0
1635343565602, 509.29, 100, XNAS, 510.31, 100, XNAS, 509.42, 1, XNAS, 7996, 4.1119e+06, 514.244, 100, 1, 100, 1, 1, 0, 0, 0, 1, 0
1635343565602, 509.29, 100, XNAS, 510.31, 100, XNAS, 509.42, 6, XNAS, 8002, 4.11495e+06, 514.24, 100, 1, 100, 1, 1, 0, 0, 0, 1, 0
1635343566006, 509.29, 100, XNAS, 510.31, 100, XNAS, 509.32, 1, XNAS, 8003, 4.11546e+06, 514.24, 100, 1, 100, 1, 1, 0, 0, 0, 1, 0
1635343566069, 509.29, 100, XNAS, 510.31, 100, XNAS, 509.31, 1, XNAS, 8004, 4.11597e+06, 514.239, 100, 1, 100, 1, 1, 0, 0, 0, 1, 0
1635343566430, 509.29, 100, XNAS, 510.31, 100, XNAS, 509.31, 1, XNAS, 8005, 4.11648e+06, 514.239, 100, 1, 100, 1, 1, 0, 0, 0, 1, 0
1635343566576, 509.29, 100, XNAS, 510.31, 100, XNAS, 509.3, 1, XNAS, 8006, 4.11699e+06, 514.238, 100, 1, 100, 1, 1, 0, 0, 0, 1, 0
1635343568549, 509.29, 100, XNAS, 510.31, 100, XNAS, 509.3, 1, XNAS, 8007, 4.1175e+06, 514.237, 100, 1, 100, 1, 1, 0, 0, 0, 1, 0
1635343568731, 509.29, 100, XNAS, 510.31, 100, XNAS, 509.3, 1, XNAS, 8008, 4.11801e+06, 514.237, 100, 1, 100, 1, 1, 0, 0, 0, 1, 0
1635343569049, 509.29, 100, XNAS, 510.31, 100, XNAS, 509.3, 1, XNAS, 8009, 4.11852e+06, 514.236, 100, 1, 100, 1, 1, 0, 0, 0, 1, 0
1635343571345, 509.29, 100, XNAS, 510.31, 100, XNAS, 510.149, 1, XADF, 8010, 4.11903e+06, 514.236, 100, 1, 100, 1, 1, 1, 0, 1, 0, 0
1635343580427, 509.29, 100, XNAS, 510.31, 100, XNAS, 510.31, 1, XADF, 8011, 4.11954e+06, 514.235, 100, 1, 200, 2, 1, 1, 0, 1, 0, 0
1635343583896, 509.29, 100, XNAS, 510.31, 100, XNAS, 510.2, 25, XADF, 8036, 4.13229e+06, 514.223, 100, 1, 100, 1, 1, 1, 0, 1, 0, 0
1635343588537, 509.29, 100, XNAS, 510.31, 100, XNAS, 510.31, 1, XADF, 8037, 4.1328e+06, 514.222, 100, 1, 100, 1, 1, 1, 0, 1, 0, 0
1635343594367, 509.29, 100, XNAS, 510.31, 100, XNAS, 509.8, 100, IEXG, 8137, 4.18378e+06, 514.168, 100, 1, 100, 1, 0, 1, 1, 0, 0, 0
1635343594367, 509.29, 100, XNAS, 510.31, 100, XNAS, 509.97, 2, EDGX, 8139, 4.1848e+06, 514.167, 100, 1, 100, 1, 1, 0, 0, 1, 0, 0
1635343594368, 509.29, 100, XNAS, 510.31, 100, XNAS, 509.98, 2, IEXG, 8141, 4.18582e+06, 514.166, 100, 1, 100, 1, 1, 0, 0, 1, 0, 0
1635343594373, 509.29, 100, XNAS, 510.31, 100, XNAS, 509.29, 1, XADF, 8142, 4.18633e+06, 514.165, 100, 1, 100, 1, 1, 1, 0, 0, 1, 0
1635343601245, 509.29, 100, XNAS, 510.31, 100, XNAS, 510.13, 1, XNAS, 8143, 4.18684e+06, 514.165, 100, 1, 100, 1, 1, 0, 0, 1, 0, 0
1635343602414, 509.29, 100, XNAS, 510.31, 100, XNAS, 510.3, 1, XNAS, 8144, 4.18735e+06, 514.164, 100, 1, 100, 1, 1, 0, 0, 1, 0, 0
1635343602414, 509.29, 100, XNAS, 510.31, 100, XNAS, 510.2, 16, XPSX, 8160, 4.19552e+06, 514.156, 100, 1, 100, 1, 1, 0, 0, 1, 0, 0
1635343602414, 509.3, 100, XPSX, 510.31, 100, XNAS, 510.3, 9, XNAS, 8169, 4.20011e+06, 514.152, 100, 1, 100, 1, 1, 0, 0, 1, 0, 0
1635343602414, 509.3, 100, XPSX, 511.13, 100, XNYS, 510.3, 11, XNAS, 8180, 4.20572e+06, 514.147, 100, 1, 100, 1, 1, 0, 0, 1, 0, 0
1635343602414, 509.3, 100, XPSX, 511.13, 100, XNYS, 510.3, 32, XNAS, 8212, 4.22205e+06, 514.132, 100, 1, 100, 1, 1, 0, 0, 1, 0, 0
1635343602414, 509.3, 100, XPSX, 511.13, 100, XNYS, 510.31, 57, XNAS, 8269, 4.25114e+06, 514.106, 100, 1, 100, 1, 1, 0, 0, 1, 0, 0
1635343602414, 509.3, 100, XPSX, 511.13, 100, XNYS, 510.31, 43, XNAS, 8312, 4.27308e+06, 514.086, 100, 1, 100, 1, 1, 0, 0, 1, 0, 0
1635343602414, 509.3, 100, XPSX, 511.13, 100, XNYS, 510.36, 11, XNAS, 8323, 4.2787e+06, 514.081, 100, 1, 100, 1, 1, 0, 0, 1, 0, 0
1635343602414, 509.3, 100, XPSX, 511.13, 100, XNYS, 510.36, 11, XNAS, 8334, 4.28431e+06, 514.076, 100, 1, 100, 1, 1, 0, 0, 1, 0, 0
1635343602414, 509.3, 100, XPSX, 511.13, 100, XNYS, 510.3, 1, XNYS, 8335, 4.28482e+06, 514.076, 100, 1, 100, 1, 1, 0, 0, 1, 0, 0
1635343602414, 509.3, 100, XPSX, 511.13, 100, XNYS, 510.3, 1, XNYS, 8336, 4.28533e+06, 514.075, 100, 1, 100, 1, 1, 0, 0, 1, 0, 0
1635343602414, 509.3, 100, XPSX, 511.13, 100, XNYS, 510.3, 10, XNYS, 8346, 4.29043e+06, 514.071, 100, 1, 100, 1, 1, 0, 0, 1, 0, 0
1635343602414, 509.3, 100, XPSX, 511.13, 100, XNYS, 510.3, 4, XNYS, 8350, 4.29248e+06, 514.069, 100, 1, 100, 1, 1, 0, 0, 1, 0, 0
1635343602414, 509.3, 100, XPSX, 511.13, 100, XNYS, 510.3, 2, XNYS, 8352, 4.2935e+06, 514.068, 100, 1, 100, 1, 1, 0, 0, 1, 0, 0
1635343602414, 509.3, 100, XPSX, 511.13, 100, XNYS, 510.3, 2, XNYS, 8354, 4.29452e+06, 514.067, 100, 1, 100, 1, 1, 0, 0, 1, 0, 0
1635343602420, 509.79, 100, IEXG, 511.35, 100, XPSX, 510.57, 1, XADF, 8355, 4.29503e+06, 514.067, 100, 1, 100, 1, 1, 1, 1, 0, 0, 0
1635343619100, 509.81, 200, XCHI, 511.39, 100, IEXG, 510.31, 1, XNAS, 8356, 4.29554e+06, 514.066, 600, 3, 100, 1, 1, 0, 0, 0, 1, 0
1635343619100, 509.81, 200, XCHI, 511.39, 100, IEXG, 510.31, 1, XNAS, 8357, 4.29605e+06, 514.066, 600, 3, 100, 1, 1, 0, 0, 0, 1, 0
1635343619100, 509.81, 200, XCHI, 511.39, 100, IEXG, 510.31, 1, XNAS, 8358, 4.29656e+06, 514.065, 600, 3, 100, 1, 1, 0, 0, 0, 1, 0
1635343619100, 509.81, 200, XCHI, 510.85, 100, ARCX, 510.32, 17, EDGX, 8375, 4.30523e+06, 514.058, 600, 3, 100, 1, 1, 0, 0, 0, 1, 0
1635343619100, 509.81, 200, XCHI, 510.85, 100, ARCX, 510.32, 2, EDGX, 8377, 4.30625e+06, 514.057, 600, 3, 100, 1, 1, 0, 0, 0, 1, 0
1635343619101, 509.81, 200, XNAS, 510.85, 100, ARCX, 510.33, 10, ARCX, 8387, 4.31136e+06, 514.052, 400, 2, 100, 1, 1, 0, 1, 0, 0, 0
1635343623895, 509.81, 100, XNAS, 510.67, 100, ARCX, 509.93, 4, ARCX, 8391, 4.3134e+06, 514.05, 100, 1, 100, 1, 1, 0, 0, 0, 1, 0
1635343623895, 509.81, 100, XNAS, 510.67, 100, ARCX, 509.93, 4, ARCX, 8395, 4.31544e+06, 514.048, 100, 1, 100, 1, 1, 0, 0, 0, 1, 0
1635343623895, 509.81, 100, XNAS, 510.67, 100, ARCX, 509.93, 2, ARCX, 8397, 4.31646e+06, 514.047, 100, 1, 100, 1, 1, 0, 0, 0, 1, 0
1635343623895, 509.81, 100, XNAS, 510.67, 100, ARCX, 509.93, 3, ARCX, 8400, 4.31799e+06, 514.046, 100, 1, 100, 1, 1, 0, 0, 0, 1, 0
1635343623895, 509.81, 100, XNAS, 510.67, 100, ARCX, 509.93, 1, ARCX, 8401, 4.3185e+06, 514.045, 100, 1, 100, 1, 1, 0, 0, 0, 1, 0
1635343623895, 509.81, 100, XNAS, 510.67, 100, ARCX, 509.93, 4, ARCX, 8405, 4.32054e+06, 514.044, 100, 1, 100, 1, 1, 0, 0, 0, 1, 0
1635343623895, 509.81, 100, XNAS, 510.67, 100, ARCX, 509.93, 1, ARCX, 8406, 4.32105e+06, 514.043, 100, 1, 100, 1, 1, 0, 0, 0, 1, 0
1635343623895, 509.81, 100, XNAS, 510.67, 100, ARCX, 509.93, 1, ARCX, 8407, 4.32156e+06, 514.043, 100, 1, 100, 1, 1, 0, 0, 0, 1, 0
1635343623895, 509.81, 100, XNAS, 510.67, 100, ARCX, 509.81, 1, XNAS, 8408, 4.32207e+06, 514.042, 100, 1, 100, 1, 1, 0, 0, 0, 1, 0
1635343623895, 509.81, 100, XNAS, 510.67, 100, ARCX, 509.81, 1, XNAS, 8409, 4.32258e+06, 514.042, 100, 1, 100, 1, 1, 0, 0, 0, 1, 0
1635343623895, 509.81, 100, XNAS, 510.67, 100, ARCX, 509.81, 1, XNAS, 8410, 4.32309e+06, 514.041, 100, 1, 100, 1, 1, 0, 0, 0, 1, 0
1635343623895, 509.81, 100, XNAS, 510.67, 100, ARCX, 509.81, 1, XNAS, 8411, 4.32359e+06, 514.041, 100, 1, 100, 1, 1, 0, 0, 0, 1, 0
1635343623895, 509.81, 100, XNAS, 510.67, 100, ARCX, 509.81, 1, XNAS, 8412, 4.3241e+06, 514.04, 100, 1, 100, 1, 1, 0, 0, 0, 1, 0
1635343623895, 509.13, 100, XNAS, 510.67, 100, ARCX, 509.81, 95, XNAS, 8507, 4.37254e+06, 513.993, 100, 1, 100, 1, 1, 0, 0, 0, 1, 0
1635343623895, 509.13, 100, XNAS, 510.67, 100, ARCX, 509.81, 6, XNAS, 8513, 4.3756e+06, 513.99, 100, 1, 100, 1, 1, 0, 0, 0, 1, 0
1635343623895, 509.13, 100, XNAS, 510.67, 100, ARCX, 509.81, 6, XNAS, 8519, 4.37865e+06, 513.987, 100, 1, 100, 1, 1, 0, 0, 0, 1, 0
1635343623895, 509.13, 100, XNAS, 510.63, 100, XPSX, 509.81, 1, BATS, 8520, 4.37916e+06, 513.986, 100, 1, 100, 1, 1, 0, 0, 0, 1, 0
1635343623895, 509.13, 100, XNAS, 510.63, 100, XPSX, 509.81, 6, BATS, 8526, 4.38222e+06, 513.983, 100, 1, 100, 1, 1, 0, 0, 0, 1, 0
1635343623895, 509.13, 100, XNAS, 510.63, 100, XPSX, 509.81, 12, BATS, 8538, 4.38834e+06, 513.978, 100, 1, 100, 1, 1, 0, 0, 0, 1, 0
1635343623896, 509.13, 100, XNAS, 510.63, 100, XPSX, 509.81, 1, BATS, 8539, 4.38885e+06, 513.977, 100, 1, 100, 1, 1, 0, 0, 0, 1, 0
1635343623902, 509.13, 100, XNAS, 510.32, 100, XNAS, 509.81, 5, BATS, 8544, 4.3914e+06, 513.975, 100, 1, 100, 1, 1, 0, 0, 1, 0, 0
1635343623902, 509.13, 100, XNAS, 510.32, 100, XNAS, 509.81, 7, BATS, 8551, 4.39497e+06, 513.971, 100, 1, 100, 1, 1, 0, 0, 1, 0, 0
1635343631616, 509.13, 200, XCHI, 510.65, 100, IEXG, 510.31, 1, BATS, 8552, 4.39548e+06, 513.971, 500, 3, 100, 1, 1, 0, 0, 1, 0, 0
1635343634275, 509.14, 200, XCHI, 510.65, 100, IEXG, 510.31, 1, BATS, 8553, 4.39599e+06, 513.97, 200, 1, 100, 1, 1, 0, 0, 1, 0, 0
1635343634443, 509.15, 200, XCHI, 510.67, 100, ARCX, 510.37, 1, BATS, 8554, 4.3965e+06, 513.97, 200, 1, 100, 1, 1, 0, 0, 1, 0, 0
1635343634600, 509.13, 200, IEXG, 510.67, 100, ARCX, 510.37, 1, BATS, 8555, 4.39701e+06, 513.97, 300, 2, 100, 1, 1, 0, 0, 1, 0, 0
1635343634678, 509.13, 100, XNAS, 510.67, 100, ARCX, 510.37, 1, BATS, 8556, 4.39752e+06, 513.969, 100, 1, 100, 1, 1, 0, 0, 1, 0, 0
1635343634834, 509.13, 100, XNAS, 510.67, 100, ARCX, 510.37, 1, BATS, 8557, 4.39803e+06, 513.969, 100, 1, 100, 1, 1, 0, 0, 1, 0, 0
1635343640549, 509.13, 200, XCHI, 510.67, 100, ARCX, 510.32, 1, XNAS, 8558, 4.39854e+06, 513.968, 500, 3, 100, 1, 1, 0, 0, 1, 0, 0
1635343640704, 509.14, 200, XCHI, 510.67, 100, ARCX, 510.32, 1, XNAS, 8559, 4.39905e+06, 513.968, 200, 1, 100, 1, 1, 0, 0, 1, 0, 0
1635343640790, 509.13, 200, IEXG, 510.67, 100, ARCX, 510.32, 1, XNAS, 8560, 4.39956e+06, 513.967, 300, 2, 100, 1, 1, 0, 0, 1, 0, 0
1635343640927, 509.13, 200, IEXG, 510.67, 100, ARCX, 510.32, 1, XNAS, 8561, 4.40007e+06, 513.967, 300, 2, 100, 1, 1, 0, 0, 1, 0, 0
1635343641104, 509.13, 100, XNAS, 510.66, 100, XNAS, 510.32, 1, XNAS, 8562, 4.40058e+06, 513.967, 100, 1, 100, 1, 1, 0, 0, 1, 0, 0
1635343641207, 509.13, 100, XNAS, 510.66, 100, XNAS, 510.32, 1, XNAS, 8563, 4.40109e+06, 513.966, 100, 1, 100, 1, 1, 0, 0, 1, 0, 0
1635343641331, 509.13, 100, XNAS, 510.66, 100, XNAS, 510.32, 1, XNAS, 8564, 4.4016e+06, 513.966, 100, 1, 100, 1, 1, 0, 0, 1, 0, 0
1635343641473, 509.13, 100, XNAS, 510.66, 100, XNAS, 510.32, 1, XNAS, 8565, 4.40211e+06, 513.965, 100, 1, 100, 1, 1, 0, 0, 1, 0, 0
1635343641932, 509.13, 200, XCHI, 510.66, 100, XNAS, 509.895, 100, IEXG, 8665, 4.4531e+06, 513.918, 500, 3, 100, 1, 0, 1, 1, 0, 0, 0
1635343643583, 509.13, 200, XCHI, 510.66, 100, XNAS, 510.49, 1, XNAS, 8666, 4.45361e+06, 513.918, 500, 3, 100, 1, 1, 0, 0, 1, 0, 0
1635343645315, 509.14, 200, XCHI, 510.66, 100, XNAS, 510.46, 4, XADF, 8670, 4.45565e+06, 513.916, 200, 1, 100, 1, 1, 1, 0, 1, 0, 0
1635343665302, 509.15, 200, XCHI, 510.66, 100, XNAS, 510.307, 2, XADF, 8672, 4.45668e+06, 513.916, 200, 1, 100, 1, 1, 1, 0, 1, 0, 0
1635343674548, 509.15, 200, XCHI, 510.84, 100, XNAS, 509.92, 10, ARCX, 8682, 4.46177e+06, 513.911, 200, 1, 100, 1, 1, 0, 0, 0, 1, 0
1635343674548, 509.15, 200, XCHI, 510.84, 100, XNAS, 509.92, 10, ARCX, 8692, 4.46687e+06, 513.906, 200, 1, 100, 1, 1, 0, 0, 0, 1, 0
1635343678817, 509.15, 200, XCHI, 510.65, 100, IEXG, 510.65, 1, XADF, 8693, 4.46738e+06, 513.906, 200, 1, 100, 1, 1, 1, 0, 1, 0, 0
1635343699627, 509.16, 200, XCHI, 510.84, 100, XNAS, 510.84, 20, XADF, 8713, 4.4776e+06, 513.899, 200, 1, 100, 1, 1, 1, 0, 1, 0, 0
1635343712005, 509.17, 200, XCHI, 510.84, 100, XNAS, 510.005, 1, XADF, 8714, 4.47811e+06, 513.898, 200, 1, 100, 1, 1, 1, 1, 0, 0, 0
1635343718374, 509.17, 200, XCHI, 510.84, 100, XNAS, 510.005, 1, XADF, 8715, 4.47862e+06, 513.898, 200, 1, 100, 1, 1, 1, 1, 0, 0, 0
1635343734762, 509.17, 200, XCHI, 510.84, 100, XNAS, 510.581, 1, XADF, 8716, 4.47913e+06, 513.898, 200, 1, 100, 1, 1, 1, 0, 1, 0, 0
1635343742678, 509.18, 200, XCHI, 510.84, 100, XNAS, 510.01, 1, XADF, 8717, 4.47964e+06, 513.897, 200, 1, 100, 1, 1, 1, 1, 0, 0, 0
1635343757890, 509.18, 200, XCHI, 510.84, 100, XNAS, 509.66, 6, XADF, 8723, 4.4827e+06, 513.894, 200, 1, 100, 1, 1, 1, 0, 0, 1, 0
1635343777745, 509.18, 200, XCHI, 510.84, 100, XNAS, 510.01, 4, XADF, 8727, 4.48474e+06, 513.893, 200, 1, 100, 1, 1, 1, 1, 0, 0, 0
1635343794813, 509.18, 200, XCHI, 510.84, 100, XNAS, 510.583, 1, XADF, 8728, 4.48525e+06, 513.892, 200, 1, 100, 1, 1, 1, 0, 1, 0, 0
1635343801854, 509.19, 200, XCHI, 510.84, 100, XNAS, 510.51, 1, XNAS, 8729, 4.48576e+06, 513.892, 200, 1, 100, 1, 1, 0, 0, 1, 0, 0
1635343802947, 509.2, 200, XCHI, 510.84, 100, XNAS, 510.02, 10, XADF, 8739, 4.49086e+06, 513.887, 200, 1, 100, 1, 1, 1, 1, 0, 0, 0
1635343802947, 509.2, 200, XCHI, 510.84, 100, XNAS, 510.02, 7, XADF, 8746, 4.49443e+06, 513.884, 200, 1, 100, 1, 1, 1, 1, 0, 0, 0
1635343803555, 509.2, 200, XCHI, 510.84, 100, XNAS, 510.56, 1, XNAS, 8747, 4.49494e+06, 513.884, 200, 1, 100, 1, 1, 0, 0, 1, 0, 0
1635343807626, 509.44, 100, XCIS, 510.84, 100, XNAS, 510.83, 1, BATS, 8748, 4.49545e+06, 513.883, 100, 1, 100, 1, 1, 0, 0, 1, 0, 0
1635343807626, 509.45, 100, XPSX, 510.84, 100, XNAS, 510.67, 65, XNAS, 8813, 4.52865e+06, 513.86, 100, 1, 100, 1, 1, 0, 0, 1, 0, 0
1635343807626, 509.45, 100, XPSX, 510.84, 100, XNAS, 510.62, 2, ARCX, 8815, 4.52967e+06, 513.859, 100, 1, 100, 1, 1, 0, 0, 1, 0, 0
1635343807626, 509.45, 100, XPSX, 510.84, 100, XNAS, 510.81, 24, XNAS, 8839, 4.54193e+06, 513.851, 100, 1, 100, 1, 1, 0, 0, 1, 0, 0
1635343807626, 509.45, 100, XPSX, 510.84, 100, XNAS, 510.81, 2, XNAS, 8841, 4.54295e+06, 513.85, 100, 1, 100, 1, 1, 0, 0, 1, 0, 0
1635343807626, 509.45, 100, XPSX, 510.84, 100, XNAS, 510.81, 1, XNAS, 8842, 4.54346e+06, 513.85, 100, 1, 100, 1, 1, 0, 0, 1, 0, 0
1635343807626, 509.45, 100, XPSX, 510.84, 100, XNAS, 510.81, 11, XNAS, 8853, 4.54908e+06, 513.846, 100, 1, 100, 1, 1, 0, 0, 1, 0, 0
1635343807626, 509.45, 100, XPSX, 510.84, 100, XNAS, 510.81, 2, XNAS, 8855, 4.5501e+06, 513.845, 100, 1, 100, 1, 1, 0, 0, 1, 0, 0
1635343807626, 509.45, 100, XPSX, 511.58, 100, XNYS, 510.84, 6, XNAS, 8861, 4.55316e+06, 513.843, 100, 1, 100, 1, 1, 0, 0, 1, 0, 0
1635343807626, 509.45, 100, XPSX, 511.58, 100, XNYS, 510.84, 4, XNAS, 8865, 4.55521e+06, 513.842, 100, 1, 100, 1, 1, 0, 0, 1, 0, 0
1635343807627, 510.27, 100, XNAS, 511.58, 100, XNYS, 510.84, 1, XNAS, 8866, 4.55572e+06, 513.842, 100, 1, 100, 1, 1, 0, 0, 0, 1, 0
1635343807627, 510.27, 100, XNAS, 511.58, 100, XNYS, 510.84, 1, XNAS, 8867, 4.55623e+06, 513.841, 100, 1, 100, 1, 1, 0, 0, 0, 1, 0
1635343807627, 510.27, 100, XNAS, 511.58, 100, XNYS, 510.84, 88, XNAS, 8955, 4.60118e+06, 513.812, 100, 1, 100, 1, 1, 0, 0, 0, 1, 0
1635343809421, 510.27, 200, IEXG, 511.76, 100, XNYS, 510.61, 50, XADF, 9042, 4.64561e+06, 513.782, 800, 5, 100, 1, 1, 1, 0, 0, 1, 0
1635343809421, 510.27, 200, IEXG, 511.76, 100, XNYS, 510.59, 6, XADF, 9048, 4.64868e+06, 513.78, 800, 5, 100, 1, 1, 1, 0, 0, 1, 0
1635343817003, 510.27, 200, XCHI, 511.76, 100, XNYS, 511.015, 10, XADF, 9058, 4.65379e+06, 513.777, 600, 4, 200, 2, 1, 1, 1, 0, 0, 0
1635343818858, 510.27, 200, XCHI, 511.76, 100, XNYS, 511.529, 1, XADF, 9059, 4.6543e+06, 513.776, 600, 4, 200, 2, 1, 1, 0, 1, 0, 0
1635343818937, 510.28, 200, XCHI, 511.76, 100, XNYS, 511.02, 1, XADF, 9060, 4.65481e+06, 513.776, 200, 1, 200, 2, 1, 1, 1, 0, 0, 0
1635343846384, 510.28, 200, XCHI, 511.58, 200, XNAS, 510.96, 1, BATS, 9061, 4.65532e+06, 513.776, 500, 3, 200, 1, 1, 0, 0, 1, 0, 0
1635343846384, 510.28, 200, XCHI, 511.58, 200, XNAS, 510.96, 1, BATS, 9062, 4.65583e+06, 513.775, 500, 3, 200, 1, 1, 0, 0, 1, 0, 0
1635343846384, 510.28, 200, XCHI, 511.57, 100, XNAS, 510.95, 5, BATS, 9067, 4.65839e+06, 513.774, 500, 3, 100, 1, 1, 0, 0, 1, 0, 0
1635343846384, 510.28, 200, XCHI, 511.57, 100, XNAS, 510.95, 1, BATS, 9068, 4.6589e+06, 513.773, 500, 3, 100, 1, 1, 0, 0, 1, 0, 0
1635343846384, 510.28, 200, XCHI, 511.57, 100, XNAS, 510.95, 2, BATS, 9070, 4.65992e+06, 513.773, 500, 3, 100, 1, 1, 0, 0, 1, 0, 0
1635343846384, 510.28, 200, XCHI, 511.57, 100, XNAS, 510.95, 2, BATS, 9072, 4.66094e+06, 513.772, 500, 3, 100, 1, 1, 0, 0, 1, 0, 0
1635343846395, 510.28, 100, XNAS, 511.56, 100, XNAS, 510.28, 13, XADF, 9085, 4.66758e+06, 513.767, 100, 1, 200, 2, 1, 1, 0, 0, 1, 0
1635343846395, 510.28, 100, XNAS, 511.56, 100, XNAS, 510.28, 5, XADF, 9090, 4.67013e+06, 513.765, 100, 1, 200, 2, 1, 1, 0, 0, 1, 0
1635343846439, 510.28, 100, XNAS, 511.56, 100, XNAS, 510.38, 100, XADF, 9190, 4.72116e+06, 513.728, 100, 1, 200, 2, 0, 1, 0, 0, 1, 0
1635343846484, 510.28, 100, XNAS, 511.56, 100, XNAS, 511.36, 1, XADF, 9191, 4.72168e+06, 513.728, 100, 1, 200, 2, 1, 1, 0, 1, 0, 0
1635343862418, 510.28, 100, EPRL, 511.96, 200, XCHI, 511.12, 1, XADF, 9192, 4.72219e+06, 513.728, 200, 2, 500, 3, 1, 1, 1, 0, 0, 0
1635343862683, 510.28, 100, EPRL, 511.96, 200, XCHI, 510.301, 1, XADF, 9193, 4.7227e+06, 513.728, 200, 2, 500, 3, 1, 1, 0, 0, 1, 0
1635343867060, 510.28, 200, XCHI, 511.96, 100, XNAS, 511.41, 4, BATS, 9198, 4.72525e+06, 513.726, 400, 3, 300, 3, 1, 0, 0, 1, 0, 0
1635343873582, 510.53, 100, XNAS, 511.95, 100, XNAS, 511.24, 1, XADF, 9199, 4.72577e+06, 513.726, 100, 1, 200, 2, 1, 1, 1, 0, 0, 0
1635343880424, 510.53, 200, XCHI, 511.95, 100, IEXG, 511.24, 6, XADF, 9205, 4.72883e+06, 513.724, 300, 2, 100, 1, 1, 1, 1, 0, 0, 0
1635343886556, 510.53, 100, XNAS, 511.95, 100, IEXG, 511.24, 4, XADF, 9209, 4.73088e+06, 513.723, 100, 1, 100, 1, 1, 1, 1, 0, 0, 0
1635343890043, 510.53, 100, XNAS, 511.95, 100, IEXG, 510.77, 1, XNAS, 9210, 4.73139e+06, 513.723, 100, 1, 100, 1, 1, 0, 0, 0, 1, 0
1635343890052, 510.53, 100, XNAS, 511.38, 100, XNAS, 510.53, 100, XNAS, 9310, 4.78244e+06, 513.689, 100, 1, 100, 1, 0, 0, 0, 0, 1, 0
1635343890052, 510.27, 100, MEMX, 511.38, 100, XNAS, 510.53, 5, XNAS, 9315, 4.78499e+06, 513.687, 100, 1, 100, 1, 1, 0, 0, 0, 1, 0
1635343890052, 510.27, 100, MEMX, 511.38, 100, XNAS, 510.53, 16, XNAS, 9331, 4.79316e+06, 513.682, 100, 1, 100, 1, 1, 0, 0, 0, 1, 0
1635343890052, 510.27, 100, MEMX, 511.38, 100, XNAS, 510.53, 4, XNAS, 9335, 4.7952e+06, 513.68, 100, 1, 100, 1, 1, 0, 0, 0, 1, 0
1635343890052, 510.27, 100, MEMX, 511.38, 100, XNAS, 510.52, 1, XNAS, 9355, 4.80542e+06, 513.673, 100, 1, 100, 1, 1, 0, 0, 0, 1, 0
1635343890052, 510.27, 100, MEMX, 511.38, 100, XNAS, 510.51, 1, XNAS, 9356, 4.80593e+06, 513.673, 100, 1, 100, 1, 1, 0, 0, 0, 1, 0
1635343890052, 510.27, 100, MEMX, 511.38, 100, XNAS, 510.51, 1, XNAS, 9357, 4.80644e+06, 513.673, 100, 1, 100, 1, 1, 0, 0, 0, 1, 0
1635343890053, 510.27, 100, MEMX, 511.37, 100, XNAS, 510.53, 1, ARCX, 9361, 4.80848e+06, 513.671, 100, 1, 100, 1, 1, 0, 0, 0, 1, 0
1635343890053, 510.27, 100, MEMX, 511.37, 100, XNAS, 510.53, 6, BATS, 9367, 4.81154e+06, 513.669, 100, 1, 100, 1, 1, 0, 0, 0, 1, 0
1635343890053, 510.27, 100, MEMX, 511.37, 100, XNAS, 510.53, 6, BATS, 9373, 4.8146e+06, 513.667, 100, 1, 100, 1, 1, 0, 0, 0, 1, 0
1635343890053, 510.27, 100, MEMX, 511.37, 100, XNAS, 510.53, 10, BATS, 9383, 4.81971e+06, 513.664, 100, 1, 100, 1, 1, 0, 0, 0, 1, 0
1635343890053, 510.27, 100, MEMX, 511.37, 100, XNAS, 510.51, 1, ARCX, 9384, 4.82022e+06, 513.664, 100, 1, 100, 1, 1, 0, 0, 0, 1, 0
1635343890053, 510.27, 100, MEMX, 511.37, 100, XNAS, 510.27, 1, XNAS, 9385, 4.82073e+06, 513.663, 100, 1, 100, 1, 1, 0, 0, 0, 1, 0
1635343890053, 510.27, 100, MEMX, 511.37, 100, XNAS, 510.27, 5, XNAS, 9390, 4.82328e+06, 513.662, 100, 1, 100, 1, 1, 0, 0, 0, 1, 0
1635343890053, 510.27, 100, MEMX, 511.37, 100, XNAS, 510.27, 13, XNAS, 9403, 4.82992e+06, 513.657, 100, 1, 100, 1, 1, 0, 0, 0, 1, 0
1635343890053, 510.27, 100, MEMX, 511.15, 100, XPSX, 510.38, 33, ARCX, 9436, 4.84676e+06, 513.645, 100, 1, 100, 1, 1, 0, 0, 0, 1, 0
1635343890072, 509.5, 100, XCIS, 511.15, 100, EPRL, 510.325, 1, XADF, 9437, 4.84727e+06, 513.645, 100, 1, 200, 2, 1, 1, 1, 0, 0, 0
1635343901390, 509.5, 1500, XNAS, 511.14, 200, XNAS, 510.886, 1, XADF, 9438, 4.84778e+06, 513.645, 1900, 3, 300, 2, 1, 1, 0, 1, 0, 0
1635343918119, 509.51, 200, XCHI, 511.14, 300, XNAS, 510.32, 3, XNAS, 9441, 4.84931e+06, 513.644, 200, 1, 400, 2, 1, 0, 0, 0, 1, 0
1635343920195, 509.51, 200, XCHI, 510.72, 200, XNAS, 510.72, 5, XADF, 9446, 4.85186e+06, 513.642, 200, 1, 200, 1, 1, 1, 0, 1, 0, 0
1635343925033, 509.5, 200, XCHI, 510.72, 300, XNAS, 510.11, 1, XADF, 9447, 4.85237e+06, 513.642, 200, 1, 300, 1, 1, 1, 1, 0, 0, 0
1635343942665, 509.13, 200, XCHI, 510.72, 300, XNAS, 509.925, 5, XNAS, 9452, 4.85492e+06, 513.64, 300, 2, 300, 1, 1, 0, 1, 0, 0, 0
1635343942665, 509.13, 200, XCHI, 510.72, 300, XNAS, 509.925, 7, XNAS, 9459, 4.85849e+06, 513.637, 300, 2, 300, 1, 1, 0, 1, 0, 0, 0
1635343942665, 509.13, 200, XCHI, 510.72, 300, XNAS, 509.91, 6, XNAS, 9465, 4.86155e+06, 513.635, 300, 2, 300, 1, 1, 0, 0, 0, 1, 0
1635343942671, 509.13, 100, XNYS, 510.31, 100, XNAS, 509.65, 1, XNAS, 9466, 4.86206e+06, 513.634, 100, 1, 100, 1, 1, 0, 0, 0, 1, 0
1635343942671, 509.13, 100, XNYS, 510.31, 100, XNAS, 509.65, 2, XNAS, 9468, 4.86308e+06, 513.633, 100, 1, 100, 1, 1, 0, 0, 0, 1, 0
1635343942671, 509.13, 100, XNYS, 510.31, 100, XNAS, 509.65, 19, XNAS, 9487, 4.87277e+06, 513.626, 100, 1, 100, 1, 1, 0, 0, 0, 1, 0
1635343947103, 509.13, 100, XNYS, 510.31, 300, XNAS, 509.65, 41, XNAS, 9528, 4.89366e+06, 513.608, 100, 1, 300, 1, 1, 0, 0, 0, 1, 0
1635343951498, 509.13, 100, XNYS, 510.31, 300, XNAS, 510.07, 1, BATS, 9529, 4.89417e+06, 513.608, 100, 1, 300, 1, 1, 0, 0, 1, 0, 0
1635343951654, 509.13, 100, XNYS, 510.31, 300, XNAS, 510.08, 1, BATS, 9530, 4.89468e+06, 513.608, 100, 1, 300, 1, 1, 0, 0, 1, 0, 0
1635343951801, 509.13, 100, XNYS, 510.31, 300, XNAS, 510.13, 1, BATS, 9531, 4.89519e+06, 513.607, 100, 1, 300, 1, 1, 0, 0, 1, 0, 0
1635343951876, 509.13, 100, XNYS, 510.31, 300, XNAS, 510.13, 1, BATS, 9532, 4.8957e+06, 513.607, 100, 1, 300, 1, 1, 0, 0, 1, 0, 0
1635343952031, 509.13, 100, XNYS, 510.31, 300, XNAS, 510.14, 1, BATS, 9533, 4.89621e+06, 513.607, 100, 1, 300, 1, 1, 0, 0, 1, 0, 0
1635343952153, 509.13, 100, XNYS, 510.31, 300, XNAS, 510.19, 1, BATS, 9534, 4.89672e+06, 513.606, 100, 1, 300, 1, 1, 0, 0, 1, 0, 0
1635343952207, 509.13, 100, XNYS, 510.31, 300, XNAS, 510.14, 1, BATS, 9535, 4.89723e+06, 513.606, 100, 1, 300, 1, 1, 0, 0, 1, 0, 0
1635343952343, 509.13, 100, XNYS, 510.31, 300, XNAS, 510.16, 1, BATS, 9536, 4.89774e+06, 513.605, 100, 1, 300, 1, 1, 0, 0, 1, 0, 0
1635343952439, 509.55, 100, XNAS, 510.31, 300, XNAS, 510.17, 1, BATS, 9537, 4.89825e+06, 513.605, 100, 1, 300, 1, 1, 0, 0, 1, 0, 0
1635343952607, 509.55, 100, XNAS, 510.31, 300, XNAS, 510.18, 1, BATS, 9538, 4.89876e+06, 513.605, 100, 1, 300, 1, 1, 0, 0, 1, 0, 0
1635343952748, 509.56, 100, XNAS, 510.31, 300, XNAS, 510.18, 1, BATS, 9539, 4.89927e+06, 513.604, 100, 1, 300, 1, 1, 0, 0, 1, 0, 0
1635343952813, 509.57, 100, XNAS, 510.31, 300, XNAS, 510.28, 1, BATS, 9540, 4.89978e+06, 513.604, 100, 1, 300, 1, 1, 0, 0, 1, 0, 0
1635343952968, 509.58, 100, XNAS, 510.31, 300, XNAS, 510.23, 1, BATS, 9541, 4.90029e+06, 513.604, 100, 1, 300, 1, 1, 0, 0, 1, 0, 0
1635343953066, 509.58, 100, XNAS, 510.31, 300, XNAS, 510.23, 1, BATS, 9542, 4.9008e+06, 513.603, 100, 1, 300, 1, 1, 0, 0, 1, 0, 0
1635343953200, 509.59, 100, XNAS, 510.31, 300, XNAS, 510.21, 1, BATS, 9543, 4.90131e+06, 513.603, 100, 1, 300, 1, 1, 0, 0, 1, 0, 0
1635343953374, 509.55, 100, XNAS, 510.31, 300, XNAS, 510.17, 1, BATS, 9544, 4.90182e+06, 513.603, 100, 1, 300, 1, 1, 0, 0, 1, 0, 0
1635343953449, 509.41, 100, XNAS, 510.31, 300, XNAS, 510.26, 1, BATS, 9545, 4.90233e+06, 513.602, 100, 1, 300, 1, 1, 0, 0, 1, 0, 0
1635343953593, 509.41, 100, XNAS, 510.31, 300, XNAS, 510.24, 1, BATS, 9546, 4.90284e+06, 513.602, 100, 1, 300, 1, 1, 0, 0, 1, 0, 0
1635343953750, 509.41, 100, XNAS, 510.31, 300, XNAS, 510.24, 1, BATS, 9547, 4.90335e+06, 513.602, 100, 1, 300, 1, 1, 0, 0, 1, 0, 0
1635343953845, 509.41, 100, XNAS, 510.31, 300, XNAS, 510.3, 1, BATS, 9548, 4.90386e+06, 513.601, 100, 1, 300, 1, 1, 0, 0, 1, 0, 0
1635343953998, 509.41, 100, XNAS, 510.31, 300, XNAS, 510.23, 1, BATS, 9549, 4.90437e+06, 513.601, 100, 1, 300, 1, 1, 0, 0, 1, 0, 0
1635343954089, 509.41, 100, XNAS, 510.31, 300, XNAS, 510.24, 1, BATS, 9550, 4.90489e+06, 513.601, 100, 1, 300, 1, 1, 0, 0, 1, 0, 0
1635343954278, 509.41, 100, XNAS, 510.31, 300, XNAS, 510.24, 1, BATS, 9551, 4.9054e+06, 513.6, 100, 1, 300, 1, 1, 0, 0, 1, 0, 0
1635343954375, 509.41, 100, XNAS, 510.31, 300, XNAS, 510.24, 1, BATS, 9552, 4.90591e+06, 513.6, 100, 1, 300, 1, 1, 0, 0, 1, 0, 0
1635343954532, 509.41, 100, XNAS, 510.31, 300, XNAS, 510.23, 1, BATS, 9553, 4.90642e+06, 513.599, 100, 1, 300, 1, 1, 0, 0, 1, 0, 0
1635343954608, 509.41, 100, XNAS, 510.31, 300, XNAS, 510.29, 1, BATS, 9554, 4.90693e+06, 513.599, 100, 1, 300, 1, 1, 0, 0, 1, 0, 0
1635343954779, 509.41, 100, XNAS, 510.31, 300, XNAS, 510.24, 1, BATS, 9555, 4.90744e+06, 513.599, 100, 1, 300, 1, 1, 0, 0, 1, 0, 0
1635343954858, 509.41, 100, XNAS, 510.31, 300, XNAS, 510.3, 1, BATS, 9556, 4.90795e+06, 513.598, 100, 1, 300, 1, 1, 0, 0, 1, 0, 0
1635343954999, 509.41, 100, XNAS, 510.31, 300, XNAS, 510.3, 1, BATS, 9557, 4.90846e+06, 513.598, 100, 1, 300, 1, 1, 0, 0, 1, 0, 0
1635343955158, 509.41, 100, XNAS, 510.31, 300, XNAS, 510.3, 1, BATS, 9558, 4.90897e+06, 513.598, 100, 1, 300, 1, 1, 0, 0, 1, 0, 0
1635343955248, 509.41, 100, XNAS, 510.31, 300, XNAS, 510.3, 1, BATS, 9559, 4.90948e+06, 513.597, 100, 1, 300, 1, 1, 0, 0, 1, 0, 0
1635343955404, 509.41, 100, XNAS, 510.31, 300, XNAS, 510.3, 1, BATS, 9560, 4.90999e+06, 513.597, 100, 1, 300, 1, 1, 0, 0, 1, 0, 0
1635343955551, 509.41, 100, XNAS, 510.31, 300, XNAS, 510.3, 1, BATS, 9561, 4.9105e+06, 513.597, 100, 1, 300, 1, 1, 0, 0, 1, 0, 0
1635343955719, 509.42, 100, XNAS, 510.31, 300, XNAS, 510.3, 1, BATS, 9562, 4.91101e+06, 513.596, 100, 1, 300, 1, 1, 0, 0, 1, 0, 0
1635343955798, 509.42, 100, XNAS, 510.31, 300, XNAS, 510.3, 1, BATS, 9563, 4.91152e+06, 513.596, 100, 1, 300, 1, 1, 0, 0, 1, 0, 0
1635343955938, 509.42, 100, XNAS, 510.31, 300, XNAS, 510.3, 1, BATS, 9564, 4.91203e+06, 513.596, 100, 1, 300, 1, 1, 0, 0, 1, 0, 0
1635343956050, 509.42, 100, XNAS, 510.31, 300, XNAS, 510.3, 1, BATS, 9565, 4.91254e+06, 513.595, 100, 1, 300, 1, 1, 0, 0, 1, 0, 0
1635343956170, 509.42, 100, XNAS, 510.31, 300, XNAS, 510.3, 1, BATS, 9566, 4.91305e+06, 513.595, 100, 1, 300, 1, 1, 0, 0, 1, 0, 0
1635343956302, 509.42, 100, XNAS, 510.31, 300, XNAS, 510.3, 1, BATS, 9567, 4.91356e+06, 513.595, 100, 1, 300, 1, 1, 0, 0, 1, 0, 0
1635343956451, 509.42, 100, XNAS, 510.31, 300, XNAS, 510.3, 1, BATS, 9568, 4.91407e+06, 513.594, 100, 1, 300, 1, 1, 0, 0, 1, 0, 0
1635343956569, 509.42, 100, XNAS, 510.31, 300, XNAS, 510.3, 1, BATS, 9569, 4.91458e+06, 513.594, 100, 1, 300, 1, 1, 0, 0, 1, 0, 0
1635343956718, 509.42, 100, XNAS, 510.31, 300, XNAS, 510.3, 1, BATS, 9570, 4.91509e+06, 513.594, 100, 1, 300, 1, 1, 0, 0, 1, 0, 0
1635343956877, 509.42, 100, XNAS, 510.31, 300, XNAS, 510.3, 1, BATS, 9571, 4.9156e+06, 513.593, 100, 1, 300, 1, 1, 0, 0, 1, 0, 0
1635343956982, 509.42, 100, XNAS, 510.31, 300, XNAS, 510.3, 1, BATS, 9572, 4.91611e+06, 513.593, 100, 1, 300, 1, 1, 0, 0, 1, 0, 0
1635343957125, 509.42, 100, XNAS, 510.31, 300, XNAS, 510.3, 1, BATS, 9573, 4.91662e+06, 513.593, 100, 1, 300, 1, 1, 0, 0, 1, 0, 0
1635343957281, 509.42, 100, XNAS, 510.31, 300, XNAS, 510.3, 1, BATS, 9574, 4.91713e+06, 513.592, 100, 1, 300, 1, 1, 0, 0, 1, 0, 0
1635343957422, 509.42, 100, XNAS, 510.31, 300, XNAS, 510.3, 1, BATS, 9575, 4.91764e+06, 513.592, 100, 1, 300, 1, 1, 0, 0, 1, 0, 0
1635343957505, 509.42, 100, XNAS, 510.31, 300, XNAS, 510.3, 1, BATS, 9576, 4.91815e+06, 513.592, 100, 1, 300, 1, 1, 0, 0, 1, 0, 0
1635343961722, 509.55, 100, XNAS, 510.31, 300, XNAS, 510.27, 109, XNAS, 9685, 4.97377e+06, 513.554, 100, 1, 300, 1, 0, 1, 0, 1, 0, 0
1635343965423, 509.42, 100, XNAS, 510.31, 300, XNAS, 510.461, 2, XADF, 9687, 4.97479e+06, 513.554, 100, 1, 300, 1, 1, 1, 0, 1, 0, 1
1635343968781, 509.42, 100, XNAS, 510.31, 300, XNAS, 509.42, 15, XADF, 9702, 4.98243e+06, 513.547, 100, 1, 300, 1, 1, 1, 0, 0, 1, 0
1635343972080, 509.42, 100, XNAS, 510.31, 300, XNAS, 509.865, 1, XADF, 9703, 4.98294e+06, 513.547, 100, 1, 300, 1, 1, 1, 1, 0, 0, 0
1635343987595, 509.42, 100, XNAS, 510.31, 300, XNAS, 510.169, 6, XADF, 9709, 4.98601e+06, 513.545, 100, 1, 300, 1, 1, 1, 0, 1, 0, 0
1635343990459, 509.42, 100, XNAS, 510.31, 300, XNAS, 510.27, 1, XNAS, 9710, 4.98652e+06, 513.544, 100, 1, 300, 1, 1, 0, 0, 1, 0, 0
1635343990459, 509.42, 100, XNAS, 510.31, 300, XNAS, 510.27, 9, XNAS, 9719, 4.99111e+06, 513.541, 100, 1, 300, 1, 1, 0, 0, 1, 0, 0
1635343990459, 509.42, 100, XNAS, 510.31, 300, XNAS, 510.27, 1, XNAS, 9720, 4.99162e+06, 513.541, 100, 1, 300, 1, 1, 0, 0, 1, 0, 0
1635343990459, 509.42, 100, XNAS, 510.31, 300, XNAS, 510.27, 1, XNAS, 9721, 4.99213e+06, 513.541, 100, 1, 300, 1, 1, 0, 0, 1, 0, 0
1635343990459, 509.42, 100, XNAS, 510.31, 300, XNAS, 510.27, 17, XNAS, 9738, 5.0008e+06, 513.535, 100, 1, 300, 1, 1, 0, 0, 1, 0, 0
1635343990459, 509.42, 100, XNAS, 510.31, 300, XNAS, 510.27, 26, XNAS, 9764, 5.01407e+06, 513.526, 100, 1, 300, 1, 1, 0, 0, 1, 0, 0
1635343990459, 509.42, 100, XNAS, 510.31, 300, XNAS, 510.27, 1, XNAS, 9765, 5.01458e+06, 513.526, 100, 1, 300, 1, 1, 0, 0, 1, 0, 0
1635343990459, 509.42, 100, XNAS, 510.31, 300, XNAS, 510.27, 36, XNAS, 9801, 5.03295e+06, 513.514, 100, 1, 300, 1, 1, 0, 0, 1, 0, 0
1635343990459, 509.42, 100, XNAS, 510.31, 300, XNAS, 510.27, 5, XNAS, 9806, 5.0355e+06, 513.512, 100, 1, 300, 1, 1, 0, 0, 1, 0, 0
1635343990459, 509.42, 100, XNAS, 510.31, 300, XNAS, 510.27, 4, XNAS, 9810, 5.03754e+06, 513.511, 100, 1, 300, 1, 1, 0, 0, 1, 0, 0
1635343990459, 509.42, 100, XNAS, 510.31, 300, XNAS, 510.27, 3, XNAS, 9813, 5.03907e+06, 513.51, 100, 1, 300, 1, 1, 0, 0, 1, 0, 0
1635343990459, 509.42, 100, XNAS, 510.31, 300, XNAS, 510.27, 4, XNAS, 9817, 5.04111e+06, 513.509, 100, 1, 300, 1, 1, 0, 0, 1, 0, 0
1635343990459, 509.42, 100, XNAS, 510.31, 300, XNAS, 510.27, 11, XNAS, 9828, 5.04673e+06, 513.505, 100, 1, 300, 1, 1, 0, 0, 1, 0, 0
1635343990459, 509.42, 100, XNAS, 510.31, 300, XNAS, 510.27, 6, XNAS, 9834, 5.04979e+06, 513.503, 100, 1, 300, 1, 1, 0, 0, 1, 0, 0
1635343990459, 509.42, 100, XNAS, 510.31, 300, XNAS, 510.27, 2, XNAS, 9836, 5.05081e+06, 513.502, 100, 1, 300, 1, 1, 0, 0, 1, 0, 0
1635343990459, 509.42, 100, XNAS, 510.31, 300, XNAS, 510.27, 2, XNAS, 9838, 5.05183e+06, 513.502, 100, 1, 300, 1, 1, 0, 0, 1, 0, 0
1635343990459, 509.42, 100, XNAS, 510.31, 300, XNAS, 510.27, 2, XNAS, 9840, 5.05285e+06, 513.501, 100, 1, 300, 1, 1, 0, 0, 1, 0, 0
1635343990459, 509.42, 100, XNAS, 510.31, 300, XNAS, 510.3, 1, BATS, 9841, 5.05336e+06, 513.501, 100, 1, 300, 1, 1, 0, 0, 1, 0, 0
1635343990459, 509.42, 100, XNAS, 510.31, 300, XNAS, 510.3, 1, BATS, 9842, 5.05387e+06, 513.5, 100, 1, 300, 1, 1, 0, 0, 1, 0, 0
1635343990459, 509.42, 100, XNAS, 510.31, 300, XNAS, 510.3, 1, BATS, 9843, 5.05438e+06, 513.5, 100, 1, 300, 1, 1, 0, 0, 1, 0, 0
1635343990459, 509.42, 100, XNAS, 510.31, 300, XNAS, 510.31, 1, BATS, 9844, 5.05489e+06, 513.5, 100, 1, 300, 1, 1, 0, 0, 1, 0, 0
1635343990459, 509.42, 100, XNAS, 510.31, 300, XNAS, 510.27, 2, XNAS, 9846, 5.05591e+06, 513.499, 100, 1, 300, 1, 1, 0, 0, 1, 0, 0
1635343990459, 509.42, 100, XNAS, 510.31, 300, XNAS, 510.27, 2, XNAS, 9848, 5.05693e+06, 513.498, 100, 1, 300, 1, 1, 0, 0, 1, 0, 0
1635343990459, 509.42, 100, XNAS, 510.31, 300, XNAS, 510.27, 1, XNAS, 9849, 5.05744e+06, 513.498, 100, 1, 300, 1, 1, 0, 0, 1, 0, 0
1635343990459, 509.42, 100, XNAS, 510.31, 300, XNAS, 510.27, 10, XNAS, 9859, 5.06255e+06, 513.495, 100, 1, 300, 1, 1, 0, 0, 1, 0, 0
1635343990459, 509.42, 100, XNAS, 510.31, 300, XNAS, 510.28, 255, XNAS, 10114, 5.19267e+06, 513.414, 100, 1, 300, 1, 0, 1, 0, 1, 0, 0
1635343990459, 509.42, 100, XNAS, 510.31, 300, XNAS, 510.3, 5, XNAS, 10119, 5.19522e+06, 513.412, 100, 1, 300, 1, 1, 0, 0, 1, 0, 0
1635343990459, 509.42, 100, XNAS, 510.31, 300, XNAS, 510.3, 36, XNAS, 10155, 5.21359e+06, 513.401, 100, 1, 300, 1, 1, 0, 0, 1, 0, 0
1635343990544, 509.42, 100, XNAS, 510.31, 300, XNAS, 510.3, 100, XNAS, 10255, 5.26462e+06, 513.371, 100, 1, 300, 1, 0, 1, 0, 1, 0, 0
1635343990552, 509.42, 100, XNAS, 510.31, 300, XNAS, 509.865, 100, XADF, 10355, 5.31561e+06, 513.337, 100, 1, 300, 1, 0, 1, 1, 0, 0, 0
1635343991480, 509.42, 200, XNAS, 510.31, 300, XNAS, 510.3, 100, XNAS, 10455, 5.36664e+06, 513.308, 200, 1, 300, 1, 0, 1, 0, 1, 0, 0
1635343991480, 509.42, 200, XNAS, 510.31, 300, XNAS, 510.3, 19, XNAS, 10474, 5.37633e+06, 513.303, 200, 1, 300, 1, 1, 0, 0, 1, 0, 0
1635343991480, 509.42, 200, XNAS, 510.31, 200, XNAS, 510.31, 81, XNAS, 10555, 5.41767e+06, 513.28, 200, 1, 200, 1, 1, 0, 0, 1, 0, 0
1635343991480, 509.6, 100, XPSX, 510.31, 200, XNAS, 510.26, 1, BATS, 10556, 5.41818e+06, 513.279, 100, 1, 200, 1, 1, 0, 0, 1, 0, 0
1635343991480, 509.6, 100, XPSX, 510.31, 200, XNAS, 509.84, 3, XNAS, 10559, 5.41971e+06, 513.278, 100, 1, 200, 1, 1, 0, 0, 0, 1, 0
1635343991639, 509.42, 200, XNAS, 510.31, 200, XNAS, 510.26, 1, BATS, 10560, 5.42022e+06, 513.278, 200, 1, 200, 1, 1, 0, 0, 1, 0, 0
1635343991639, 509.42, 200, XNAS, 510.31, 200, XNAS, 509.955, 6, EDGX, 10566, 5.42328e+06, 513.276, 200, 1, 200, 1, 1, 0, 0, 1, 0, 0
1635343991639, 509.42, 200, XNAS, 510.31, 200, XNAS, 509.955, 8, EDGX, 10574, 5.42736e+06, 513.274, 200, 1, 200, 1, 1, 0, 0, 1, 0, 0
1635343992252, 509.42, 200, XNAS, 510.31, 200, XNAS, 510.26, 1, BATS, 10575, 5.42787e+06, 513.273, 200, 1, 200, 1, 1, 0, 0, 1, 0, 0
1635343992252, 509.42, 200, XNAS, 510.31, 200, XNAS, 509.865, 6, EDGX, 10581, 5.43093e+06, 513.271, 200, 1, 200, 1, 1, 0, 1, 0, 0, 0
1635343992252, 509.42, 200, XNAS, 510.31, 200, XNAS, 509.865, 1, XNAS, 10582, 5.43144e+06, 513.271, 200, 1, 200, 1, 1, 0, 1, 0, 0, 0
1635343992252, 509.42, 200, XNAS, 510.31, 200, XNAS, 509.865, 13, EDGX, 10595, 5.43806e+06, 513.267, 200, 1, 200, 1, 1, 0, 1, 0, 0, 0
1635343992252, 509.42, 200, XNAS, 510.31, 200, XNAS, 509.865, 5, EDGX, 10600, 5.44061e+06, 513.265, 200, 1, 200, 1, 1, 0, 1, 0, 0, 0
1635343992252, 509.42, 200, XNAS, 510.31, 200, XNAS, 509.865, 1, XNAS, 10601, 5.44112e+06, 513.265, 200, 1, 200, 1, 1, 0, 1, 0, 0, 0
1635343992390, 509.42, 200, XNAS, 510.31, 200, XNAS, 510.26, 1, BATS, 10602, 5.44163e+06, 513.265, 200, 1, 300, 2, 1, 0, 0, 1, 0, 0
1635343992390, 509.42, 200, XNAS, 510.31, 200, XNAS, 509.865, 5, EDGX, 10607, 5.44418e+06, 513.263, 200, 1, 300, 2, 1, 0, 1, 0, 0, 0
1635343992390, 509.42, 200, XNAS, 510.31, 200, XNAS, 509.865, 11, EDGX, 10618, 5.44979e+06, 513.26, 200, 1, 300, 2, 1, 0, 1, 0, 0, 0
1635343999641, 509.42, 200, XNAS, 510.31, 100, XNAS, 509.84, 1, XNAS, 10619, 5.4503e+06, 513.259, 200, 1, 200, 2, 1, 0, 0, 0, 1, 0
1635343999749, 509.42, 200, XNAS, 510.3, 100, XNAS, 509.84, 1, XNAS, 10620, 5.45081e+06, 513.259, 200, 1, 100, 1, 1, 0, 0, 0, 1, 0
1635343999904, 509.42, 200, XNAS, 510.31, 100, EDGA, 509.84, 1, XNAS, 10621, 5.45132e+06, 513.259, 200, 1, 200, 2, 1, 0, 0, 0, 1, 0
1635343999988, 509.42, 200, XNAS, 510.31, 100, EDGA, 509.84, 1, XNAS, 10622, 5.45183e+06, 513.258, 200, 1, 200, 2, 1, 0, 0, 0, 1, 0
1635344000091, 509.42, 200, XNAS, 510.31, 100, EDGA, 509.84, 1, XNAS, 10623, 5.45234e+06, 513.258, 200, 1, 200, 2, 1, 0, 0, 0, 1, 0
1635344000215, 509.42, 200, XNAS, 510.31, 100, EDGA, 509.84, 1, XNAS, 10624, 5.45285e+06, 513.258, 200, 1, 200, 2, 1, 0, 0, 0, 1, 0
1635344000373, 509.42, 200, XNAS, 510.31, 100, EDGA, 509.84, 1, XNAS, 10625, 5.45336e+06, 513.257, 200, 1, 200, 2, 1, 0, 0, 0, 1, 0
1635344000528, 509.42, 200, XNAS, 510.31, 100, EDGA, 509.84, 1, XNAS, 10626, 5.45387e+06, 513.257, 200, 1, 200, 2, 1, 0, 0, 0, 1, 0
1635344000607, 509.42, 200, XNAS, 510.31, 100, EDGA, 509.84, 1, XNAS, 10627, 5.45438e+06, 513.257, 200, 1, 200, 2, 1, 0, 0, 0, 1, 0
1635344000763, 509.42, 200, XNAS, 510.31, 100, EDGA, 509.84, 1, XNAS, 10628, 5.45489e+06, 513.256, 200, 1, 200, 2, 1, 0, 0, 0, 1, 0
1635344000919, 509.42, 200, XNAS, 510.31, 100, EDGA, 509.84, 1, XNAS, 10629, 5.4554e+06, 513.256, 200, 1, 200, 2, 1, 0, 0, 0, 1, 0
1635344001047, 509.42, 200, XNAS, 510.31, 100, EDGA, 509.84, 1, XNAS, 10630, 5.45591e+06, 513.256, 200, 1, 200, 2, 1, 0, 0, 0, 1, 0
1635344001247, 509.42, 200, XNAS, 510.31, 100, EDGA, 509.84, 1, XNAS, 10631, 5.45642e+06, 513.255, 200, 1, 200, 2, 1, 0, 0, 0, 1, 0
1635344010847, 509.42, 200, XNAS, 510.31, 100, EDGA, 510.31, 87, XADF, 10718, 5.50082e+06, 513.232, 200, 1, 200, 2, 1, 1, 0, 1, 0, 0
1635344010849, 509.42, 200, XNAS, 510.31, 100, EDGA, 510.31, 100, XADF, 10818, 5.55185e+06, 513.205, 200, 1, 200, 2, 0, 1, 0, 1, 0, 0
1635344010849, 509.42, 200, XNAS, 510.31, 100, EDGA, 510.3, 5, XNAS, 10823, 5.5544e+06, 513.203, 200, 1, 200, 2, 1, 0, 0, 1, 0, 0
1635344010849, 509.42, 200, XNAS, 510.31, 100, EDGA, 510.3, 100, XNAS, 10923, 5.60543e+06, 513.177, 200, 1, 100, 1, 0, 1, 0, 1, 0, 0
1635344010849, 509.42, 200, XNAS, 510.31, 100, EDGA, 510.31, 59, XNAS, 10982, 5.63554e+06, 513.161, 200, 1, 100, 1, 1, 0, 0, 1, 0, 0
1635344010849, 509.42, 200, XNAS, 510.31, 100, EDGA, 510.31, 41, XNAS, 11023, 5.65646e+06, 513.151, 200, 1, 100, 1, 1, 0, 0, 1, 0, 0
1635344010849, 509.42, 200, XNAS, 510.31, 100, EDGA, 510.31, 1, XNAS, 11024, 5.65697e+06, 513.15, 200, 1, 100, 1, 1, 0, 0, 1, 0, 0
1635344010849, 509.6, 100, XPSX, 511.24, 100, XNYS, 510.31, 100, EDGA, 11139, 5.71566e+06, 513.121, 100, 1, 100, 1, 0, 1, 0, 0, 1, 0
1635344010849, 509.6, 100, XPSX, 511.23, 100, XPSX, 509.99, 12, EDGX, 11151, 5.72178e+06, 513.118, 100, 1, 100, 1, 1, 0, 0, 0, 1, 0
1635344010849, 509.6, 100, XPSX, 511.23, 100, XPSX, 510.31, 1, IEXG, 11155, 5.72382e+06, 513.117, 100, 1, 100, 1, 1, 0, 0, 0, 1, 0
1635344010854, 509.6, 100, XPSX, 511.23, 100, XPSX, 510.415, 1, XADF, 11156, 5.72433e+06, 513.116, 100, 1, 100, 1, 1, 1, 1, 0, 0, 0
1635344016878, 509.6, 200, IEXG, 511.33, 100, XNAS, 510.465, 10, XADF, 11216, 5.75494e+06, 513.101, 500, 3, 100, 1, 1, 1, 1, 0, 0, 0
1635344041765, 509.86, 100, EPRL, 511.38, 100, MEMX, 510.5, 1, XNAS, 11217, 5.75545e+06, 513.101, 200, 2, 100, 1, 1, 0, 0, 0, 1, 0
1635344041949, 509.86, 100, EPRL, 511.38, 100, MEMX, 510.5, 1, XNAS, 11218, 5.75596e+06, 513.101, 200, 2, 100, 1, 1, 0, 0, 0, 1, 0
1635344043335, 509.86, 100, XNAS, 510.82, 100, XNAS, 510.668, 1, XADF, 11219, 5.75647e+06, 513.101, 100, 1, 100, 1, 1, 1, 0, 1, 0, 0
1635344046877, 509.86, 100, XNAS, 510.82, 100, XNAS, 509.93, 1, XNAS, 11220, 5.75698e+06, 513.1, 100, 1, 100, 1, 1, 0, 0, 0, 1, 0
1635344047047, 509.86, 100, XNAS, 510.82, 100, XNAS, 509.92, 1, XNAS, 11221, 5.75749e+06, 513.1, 100, 1, 100, 1, 1, 0, 0, 0, 1, 0
1635344047235, 509.86, 100, XNAS, 510.82, 100, XNAS, 509.92, 1, XNAS, 11222, 5.758e+06, 513.1, 100, 1, 100, 1, 1, 0, 0, 0, 1, 0
1635344047345, 509.86, 100, XNAS, 510.82, 100, XNAS, 509.92, 1, XNAS, 11223, 5.75851e+06, 513.099, 100, 1, 100, 1, 1, 0, 0, 0, 1, 0
1635344047466, 509.86, 100, XNAS, 510.82, 100, XNAS, 509.92, 1, XNAS, 11224, 5.75902e+06, 513.099, 100, 1, 100, 1, 1, 0, 0, 0, 1, 0
1635344047629, 509.86, 100, XNAS, 510.82, 100, XNAS, 509.92, 1, XNAS, 11225, 5.75953e+06, 513.099, 100, 1, 100, 1, 1, 0, 0, 0, 1, 0
1635344049243, 509.86, 100, XNAS, 510.82, 100, XNAS, 509.9, 1, BATY, 11226, 5.76004e+06, 513.099, 100, 1, 100, 1, 1, 0, 0, 0, 1, 0
1635344052624, 509.86, 100, XNAS, 510.82, 100, XNAS, 509.96, 1, BATS, 11227, 5.76055e+06, 513.098, 100, 1, 100, 1, 1, 0, 0, 0, 1, 0
1635344052780, 509.86, 100, XNAS, 510.82, 100, XNAS, 509.94, 1, BATS, 11228, 5.76106e+06, 513.098, 100, 1, 100, 1, 1, 0, 0, 0, 1, 0
1635344052926, 509.86, 100, XNAS, 510.82, 100, XNAS, 509.9, 1, BATS, 11229, 5.76157e+06, 513.098, 100, 1, 100, 1, 1, 0, 0, 0, 1, 0
1635344053047, 509.86, 100, XNAS, 510.82, 100, XNAS, 509.9, 1, BATS, 11230, 5.76208e+06, 513.097, 100, 1, 100, 1, 1, 0, 0, 0, 1, 0
1635344069475, 509.86, 100, XNAS, 511.38, 200, XCHI, 511.38, 1, XADF, 11231, 5.7626e+06, 513.097, 100, 1, 300, 2, 1, 1, 0, 1, 0, 0
1635344112097, 509.88, 100, BATY, 510.82, 200, XNAS, 510.35, 1, XADF, 11232, 5.76311e+06, 513.097, 200, 2, 200, 1, 1, 1, 1, 0, 0, 0
1635344112416, 509.88, 100, BATY, 510.82, 200, XNAS, 510.2, 1, XCHI, 11233, 5.76362e+06, 513.097, 200, 2, 200, 1, 1, 0, 0, 0, 1, 0
1635344114990, 509.88, 100, BATY, 510.82, 200, XNAS, 509.92, 95, XNAS, 11328, 5.81206e+06, 513.07, 200, 2, 200, 1, 1, 0, 0, 0, 1, 0
1635344114990, 509.88, 100, BATY, 510.82, 200, XNAS, 509.92, 40, XNAS, 11368, 5.83246e+06, 513.059, 200, 2, 200, 1, 1, 0, 0, 0, 1, 0
1635344114990, 509.88, 100, BATY, 510.82, 200, XNAS, 509.92, 179, XNAS, 11547, 5.92373e+06, 513.01, 200, 2, 200, 1, 0, 1, 0, 0, 1, 0
1635344114990, 509.88, 100, BATY, 510.82, 200, XNAS, 509.92, 1, XNAS, 11548, 5.92424e+06, 513.01, 200, 2, 200, 1, 1, 0, 0, 0, 1, 0
1635344114990, 509.88, 100, BATY, 510.82, 200, XNAS, 509.92, 80, XNAS, 11628, 5.96503e+06, 512.989, 200, 2, 200, 1, 1, 0, 0, 0, 1, 0
1635344114990, 509.88, 100, BATY, 510.82, 200, XNAS, 509.88, 20, XNAS, 11648, 5.97523e+06, 512.983, 200, 2, 200, 1, 1, 0, 0, 0, 1, 0
1635344114990, 509.88, 100, BATY, 510.82, 200, XNAS, 509.88, 100, XNAS, 11749, 6.02673e+06, 512.957, 200, 2, 200, 1, 0, 0, 0, 0, 1, 0
1635344114990, 509.88, 100, BATY, 510.82, 200, XNAS, 509.88, 1, XNAS, 11750, 6.02724e+06, 512.957, 200, 2, 200, 1, 1, 0, 0, 0, 1, 0
1635344114990, 509.88, 100, BATY, 510.82, 200, XNAS, 509.88, 6, XNAS, 11756, 6.0303e+06, 512.955, 100, 1, 200, 1, 1, 0, 0, 0, 1, 0
1635344114990, 509.88, 100, BATY, 510.82, 200, XNAS, 509.88, 8, XNAS, 11764, 6.03438e+06, 512.953, 100, 1, 200, 1, 1, 0, 0, 0, 1, 0
1635344114990, 509.13, 100, XNYS, 510.82, 300, XNAS, 509.87, 22, XNAS, 11852, 6.07925e+06, 512.93, 100, 1, 300, 1, 1, 0, 0, 0, 1, 0
1635344114990, 509.13, 100, XNYS, 510.81, 100, XNAS, 509.86, 22, XNAS, 11902, 6.10474e+06, 512.917, 100, 1, 100, 1, 1, 0, 0, 0, 1, 0
1635344114990, 509.13, 100, XNYS, 510.81, 100, XNAS, 509.88, 6, BATS, 11966, 6.13737e+06, 512.901, 100, 1, 200, 2, 1, 0, 0, 0, 1, 0
1635344114990, 509.13, 100, XNYS, 510.81, 100, XNAS, 509.88, 6, BATS, 11972, 6.14043e+06, 512.899, 100, 1, 200, 2, 1, 0, 0, 0, 1, 0
1635344114990, 509.13, 100, XNYS, 510.81, 100, XNAS, 509.88, 6, BATS, 11978, 6.14349e+06, 512.898, 100, 1, 200, 2, 1, 0, 0, 0, 1, 0
1635344114990, 509.13, 100, XNYS, 510.81, 100, XNAS, 509.88, 2, BATS, 11980, 6.14451e+06, 512.897, 100, 1, 200, 2, 1, 0, 0, 0, 1, 0
1635344115043, 509.13, 100, XNYS, 510.8, 100, EPRL, 509.88, 100, XNAS, 12080, 6.1955e+06, 512.872, 100, 1, 200, 2, 0, 1, 0, 0, 1, 0
1635344115203, 509.13, 100, XNYS, 510.78, 100, XNAS, 509.33, 3, XCIS, 12083, 6.19703e+06, 512.872, 100, 1, 200, 2, 1, 0, 0, 0, 1, 0
1635344117428, 509.13, 200, XCHI, 510.79, 100, XNAS, 510.115, 1, XADF, 12084, 6.19754e+06, 512.871, 300, 2, 200, 2, 1, 1, 0, 1, 0, 0
1635344142323, 509.13, 200, XCHI, 510.49, 100, XNAS, 509.81, 1, XADF, 12085, 6.19805e+06, 512.871, 300, 2, 100, 1, 1, 1, 1, 0, 0, 0
1635344154048, 509.13, 200, XCHI, 510.49, 200, XNAS, 509.77, 1, XNAS, 12086, 6.19856e+06, 512.871, 300, 2, 200, 1, 1, 0, 0, 0, 1, 0
1635344154048, 509.13, 200, XCHI, 510.49, 200, XNAS, 509.77, 1, XNAS, 12087, 6.19907e+06, 512.871, 300, 2, 200, 1, 1, 0, 0, 0, 1, 0
1635344154049, 509.13, 200, XCHI, 510.49, 200, XNAS, 509.77, 2, XNAS, 12089, 6.20009e+06, 512.87, 300, 2, 200, 1, 1, 0, 0, 0, 1, 0
1635344154050, 509.13, 200, XCHI, 510.49, 200, XNAS, 509.76, 10, ARCX, 12099, 6.20518e+06, 512.868, 300, 2, 200, 1, 1, 0, 0, 0, 1, 0
1635344164385, 509.13, 100, XNYS, 510.25, 300, XNAS, 510.06, 1, BATS, 12100, 6.20569e+06, 512.867, 100, 1, 300, 1, 1, 0, 0, 1, 0, 0
1635344164554, 509.14, 100, XPSX, 510.25, 300, XNAS, 510.06, 1, BATS, 12101, 6.2062e+06, 512.867, 100, 1, 300, 1, 1, 0, 0, 1, 0, 0
1635344164635, 509.13, 100, XNYS, 510.25, 300, XNAS, 510.21, 1, BATS, 12102, 6.20671e+06, 512.867, 100, 1, 300, 1, 1, 0, 0, 1, 0, 0
1635344164794, 509.13, 100, XNYS, 510.25, 300, XNAS, 510.25, 1, BATS, 12103, 6.20722e+06, 512.867, 100, 1, 300, 1, 1, 0, 0, 1, 0, 0
1635344164948, 509.13, 100, XNYS, 510.25, 300, XNAS, 510.25, 1, BATS, 12104, 6.20774e+06, 512.866, 100, 1, 300, 1, 1, 0, 0, 1, 0, 0
1635344165001, 509.13, 100, XNYS, 510.25, 300, XNAS, 510.25, 1, BATS, 12105, 6.20825e+06, 512.866, 100, 1, 300, 1, 1, 0, 0, 1, 0, 0
1635344165150, 509.13, 100, XNYS, 510.25, 300, XNAS, 510.25, 1, BATS, 12106, 6.20876e+06, 512.866, 100, 1, 300, 1, 1, 0, 0, 1, 0, 0
1635344165769, 509.13, 100, XNYS, 510.25, 300, XNAS, 509.13, 1, XADF, 12107, 6.20926e+06, 512.866, 100, 1, 300, 1, 1, 1, 0, 0, 1, 0
1635344178494, 509.13, 200, XCHI, 510.25, 300, XNAS, 509.77, 1, XNAS, 12108, 6.20977e+06, 512.865, 300, 2, 300, 1, 1, 0, 0, 1, 0, 0
1635344178495, 509.13, 200, XCHI, 510.25, 300, XNAS, 509.77, 1, XNAS, 12109, 6.21028e+06, 512.865, 300, 2, 300, 1, 1, 0, 0, 1, 0, 0
1635344178495, 509.13, 200, XCHI, 510.25, 300, XNAS, 509.77, 1, XNAS, 12110, 6.21079e+06, 512.865, 300, 2, 300, 1, 1, 0, 0, 1, 0, 0
1635344178495, 509.13, 200, XCHI, 510.25, 300, XNAS, 509.77, 1, XNAS, 12111, 6.2113e+06, 512.865, 300, 2, 300, 1, 1, 0, 0, 1, 0, 0
1635344178495, 509.13, 200, XCHI, 510.25, 300, XNAS, 509.77, 1, XNAS, 12112, 6.21181e+06, 512.864, 300, 2, 300, 1, 1, 0, 0, 1, 0, 0
1635344178495, 509.13, 200, XCHI, 510.25, 300, XNAS, 509.77, 1, XNAS, 12113, 6.21232e+06, 512.864, 300, 2, 300, 1, 1, 0, 0, 1, 0, 0
1635344178495, 509.13, 200, XCHI, 510.25, 300, XNAS, 509.77, 10, XNAS, 12123, 6.21742e+06, 512.862, 300, 2, 300, 1, 1, 0, 0, 1, 0, 0
1635344178495, 509.13, 200, XCHI, 510.25, 300, XNAS, 509.77, 1, XNAS, 12124, 6.21793e+06, 512.861, 300, 2, 300, 1, 1, 0, 0, 1, 0, 0
1635344178495, 509.13, 200, XCHI, 510.25, 300, XNAS, 509.77, 2, XNAS, 12126, 6.21895e+06, 512.861, 300, 2, 300, 1, 1, 0, 0, 1, 0, 0
1635344178495, 509.13, 200, XCHI, 510.25, 300, XNAS, 509.77, 2, XNAS, 12128, 6.21997e+06, 512.86, 300, 2, 300, 1, 1, 0, 0, 1, 0, 0
1635344178495, 509.13, 200, XCHI, 510.25, 300, XNAS, 509.77, 2, XNAS, 12130, 6.22099e+06, 512.86, 300, 2, 300, 1, 1, 0, 0, 1, 0, 0
1635344178495, 509.13, 200, XCHI, 510.25, 300, XNAS, 509.77, 2, XNAS, 12132, 6.22201e+06, 512.859, 300, 2, 300, 1, 1, 0, 0, 1, 0, 0
1635344178495, 509.13, 200, XCHI, 510.25, 300, XNAS, 509.77, 2, XNAS, 12134, 6.22303e+06, 512.859, 300, 2, 300, 1, 1, 0, 0, 1, 0, 0
1635344178495, 509.13, 200, XCHI, 510.25, 300, XNAS, 509.77, 2, XNAS, 12136, 6.22405e+06, 512.858, 300, 2, 300, 1, 1, 0, 0, 1, 0, 0
1635344178495, 509.13, 200, XCHI, 510.25, 300, XNAS, 509.77, 1, XNAS, 12137, 6.22456e+06, 512.858, 300, 2, 300, 1, 1, 0, 0, 1, 0, 0
1635344178495, 509.13, 200, XCHI, 510.25, 300, XNAS, 509.77, 1, XNAS, 12138, 6.22507e+06, 512.858, 300, 2, 300, 1, 1, 0, 0, 1, 0, 0
1635344178495, 509.13, 200, XCHI, 510.25, 300, XNAS, 509.62, 1, ARCX, 12149, 6.23067e+06, 512.855, 300, 2, 300, 1, 1, 0, 0, 0, 1, 0
1635344178496, 509.13, 200, XCHI, 510.25, 300, XNAS, 509.62, 1, ARCX, 12150, 6.23118e+06, 512.855, 300, 2, 300, 1, 1, 0, 0, 0, 1, 0
1635344178496, 509.13, 200, XCHI, 510.25, 300, XNAS, 509.62, 1, ARCX, 12151, 6.23169e+06, 512.854, 300, 2, 300, 1, 1, 0, 0, 0, 1, 0
1635344178496, 509.13, 200, XCHI, 510.25, 300, XNAS, 509.62, 1, ARCX, 12152, 6.2322e+06, 512.854, 300, 2, 300, 1, 1, 0, 0, 0, 1, 0
1635344180812, 509.13, 100, XNYS, 510.25, 400, XNAS, 509.77, 67, XNAS, 12219, 6.26636e+06, 512.837, 100, 1, 400, 1, 1, 0, 0, 1, 0, 0
1635344180999, 509.13, 100, XNYS, 510.25, 400, XNAS, 509.85, 1, BATS, 12220, 6.26687e+06, 512.837, 100, 1, 400, 1, 1, 0, 0, 1, 0, 0
1635344183339, 509.13, 100, XNYS, 510.25, 400, XNAS, 509.91, 1, BATS, 12221, 6.26738e+06, 512.837, 100, 1, 400, 1, 1, 0, 0, 1, 0, 0
1635344184418, 509.13, 100, XNYS, 510.25, 400, XNAS, 510.074, 1, XADF, 12222, 6.26789e+06, 512.836, 100, 1, 400, 1, 1, 1, 0, 1, 0, 0
1635344185012, 509.13, 100, XNYS, 510.25, 400, XNAS, 509.99, 1, BATS, 12223, 6.2684e+06, 512.836, 100, 1, 400, 1, 1, 0, 0, 1, 0, 0
1635344186437, 509.13, 100, XNYS, 510.25, 400, XNAS, 510.25, 1, XADF, 12224, 6.26891e+06, 512.836, 100, 1, 400, 1, 1, 1, 0, 1, 0, 0
1635344186697, 509.13, 100, XNYS, 510.25, 400, XNAS, 510.01, 1, BATS, 12225, 6.26942e+06, 512.836, 100, 1, 400, 1, 1, 0, 0, 1, 0, 0
1635344188259, 509.13, 100, XNYS, 510.25, 400, XNAS, 510.01, 1, BATS, 12226, 6.26993e+06, 512.836, 100, 1, 400, 1, 1, 0, 0, 1, 0, 0
1635344189804, 509.13, 100, XNYS, 510.25, 400, XNAS, 510.01, 1, BATS, 12227, 6.27044e+06, 512.835, 100, 1, 400, 1, 1, 0, 0, 1, 0, 0
1635344191388, 509.13, 100, XNYS, 510.25, 400, XNAS, 510.01, 1, BATS, 12228, 6.27095e+06, 512.835, 100, 1, 400, 1, 1, 0, 0, 1, 0, 0
1635344195277, 509.13, 100, XNYS, 510.25, 400, XNAS, 510.128, 27, XADF, 12255, 6.28472e+06, 512.829, 100, 1, 400, 1, 1, 1, 0, 1, 0, 0
1635344195994, 509.13, 100, XNYS, 510.25, 300, XNAS, 510.03, 1, ARCX, 12256, 6.28523e+06, 512.829, 100, 1, 300, 1, 1, 0, 0, 1, 0, 0
1635344210160, 509.13, 200, XCHI, 510.25, 300, XNAS, 509.86, 1, ARCX, 12257, 6.28574e+06, 512.829, 300, 2, 300, 1, 1, 0, 0, 1, 0, 0
1635344237634, 509.13, 100, XNYS, 510.25, 300, XNAS, 509.94, 1, ARCX, 12258, 6.28625e+06, 512.828, 100, 1, 300, 1, 1, 0, 0, 1, 0, 0
1635344237850, 509.13, 200, XCHI, 510.25, 300, XNAS, 509.94, 1, ARCX, 12259, 6.28676e+06, 512.828, 300, 2, 300, 1, 1, 0, 0, 1, 0, 0
1635344237928, 509.13, 200, XCHI, 510.25, 300, XNAS, 509.94, 1, ARCX, 12260, 6.28727e+06, 512.828, 300, 2, 300, 1, 1, 0, 0, 1, 0, 0
1635344238025, 509.13, 200, XCHI, 510.25, 300, XNAS, 509.94, 1, ARCX, 12261, 6.28778e+06, 512.828, 300, 2, 300, 1, 1, 0, 0, 1, 0, 0
1635344239118, 509.13, 200, XCHI, 510.25, 300, XNAS, 509.94, 1, ARCX, 12262, 6.28829e+06, 512.827, 300, 2, 300, 1, 1, 0, 0, 1, 0, 0
1635344239118, 509.13, 200, XCHI, 510.25, 300, XNAS, 509.94, 1, ARCX, 12263, 6.2888e+06, 512.827, 300, 2, 300, 1, 1, 0, 0, 1, 0, 0
1635344239118, 509.13, 200, XCHI, 510.25, 300, XNAS, 509.94, 1, ARCX, 12264, 6.28931e+06, 512.827, 300, 2, 300, 1, 1, 0, 0, 1, 0, 0
1635344239508, 509.13, 200, XCHI, 510.25, 300, XNAS, 509.94, 1, ARCX, 12265, 6.28982e+06, 512.827, 300, 2, 300, 1, 1, 0, 0, 1, 0, 0
1635344239587, 509.13, 200, XCHI, 510.25, 300, XNAS, 509.94, 1, ARCX, 12266, 6.29033e+06, 512.826, 300, 2, 300, 1, 1, 0, 0, 1, 0, 0
1635344242010, 509.13, 200, XCHI, 510.25, 300, XNAS, 510.03, 1, ARCX, 12267, 6.29084e+06, 512.826, 300, 2, 300, 1, 1, 0, 0, 1, 0, 0
1635344242246, 509.13, 200, XCHI, 510.25, 300, XNAS, 510.03, 1, ARCX, 12268, 6.29135e+06, 512.826, 300, 2, 300, 1, 1, 0, 0, 1, 0, 0
1635344242246, 509.13, 200, XCHI, 510.25, 300, XNAS, 510.04, 10, BATS, 12278, 6.29645e+06, 512.824, 300, 2, 300, 1, 1, 0, 0, 1, 0, 0
1635344242304, 509.13, 200, XCHI, 510.25, 300, XNAS, 510.03, 1, ARCX, 12279, 6.29696e+06, 512.824, 300, 2, 300, 1, 1, 0, 0, 1, 0, 0
1635344242475, 509.13, 200, XCHI, 510.25, 300, XNAS, 510.03, 1, ARCX, 12280, 6.29747e+06, 512.823, 300, 2, 300, 1, 1, 0, 0, 1, 0, 0
1635344242558, 509.13, 200, XCHI, 510.25, 300, XNAS, 510.03, 1, ARCX, 12281, 6.29798e+06, 512.823, 300, 2, 300, 1, 1, 0, 0, 1, 0, 0
1635344242709, 509.13, 200, XCHI, 510.25, 300, XNAS, 510.03, 1, ARCX, 12282, 6.29849e+06, 512.823, 300, 2, 300, 1, 1, 0, 0, 1, 0, 0
1635344242813, 509.13, 200, XCHI, 510.25, 300, XNAS, 510.03, 1, ARCX, 12283, 6.299e+06, 512.823, 300, 2, 300, 1, 1, 0, 0, 1, 0, 0
1635344242945, 509.13, 200, XCHI, 510.25, 300, XNAS, 510.03, 1, ARCX, 12284, 6.29951e+06, 512.822, 300, 2, 300, 1, 1, 0, 0, 1, 0, 0
1635344243101, 509.13, 200, XCHI, 510.25, 300, XNAS, 510.03, 1, ARCX, 12285, 6.30002e+06, 512.822, 300, 2, 300, 1, 1, 0, 0, 1, 0, 0
