timestamp, bid_price, bid_size, bid_exchange, ask_price, ask_size, ask_exchange, trade_price, trade_size, trade_exchange, volume, notional_volume, vwap, nbb_agg_size, nbb_no_of_exchange, nbo_agg_size, nbo_no_of_exchange, is_odd_lot, is_hidden_order, is_mid_order, is_buy_order, is_sell_order, is_trade_through 
1635341400520, 96.94, 100, XNAS, 99.34, 100, XCHI, 97.23, 37, XNAS, 3371, 327459, 97.1399, 100, 1, 100, 1, 1, 0, 0, 0, 1, 0
1635341400521, 96.94, 100, XNAS, 97.46, 100, XNAS, 97.08, 30, XADF, 3401, 330371, 97.1394, 100, 1, 100, 1, 1, 1, 0, 0, 1, 0
1635341400521, 96.94, 100, XNAS, 97.46, 100, XNAS, 97.08, 130, XADF, 3531, 342991, 97.1372, 100, 1, 100, 1, 0, 1, 0, 0, 1, 0
1635341400534, 96.94, 100, XNAS, 97.46, 100, XNAS, 97.46, 5, XADF, 3536, 343479, 97.1376, 100, 1, 100, 1, 1, 1, 0, 1, 0, 0
1635341400555, 97, 100, XNAS, 97.46, 100, XNAS, 97.34, 18, XNAS, 3554, 345231, 97.1387, 100, 1, 100, 1, 1, 0, 0, 1, 0, 0
1635341400555, 97, 100, XNAS, 97.46, 100, XNAS, 97.34, 2, XNAS, 3556, 345426, 97.1388, 100, 1, 100, 1, 1, 0, 0, 1, 0, 0
1635341401467, 97, 100, XNAS, 97.46, 100, XNAS, 97.45, 100, XNAS, 4300, 417692, 97.1376, 100, 1, 100, 1, 0, 1, 0, 1, 0, 0
1635341401468, 97, 100, XNAS, 97.82, 100, XNAS, 97.46, 25, XNAS, 4325, 420128, 97.1394, 100, 1, 100, 1, 1, 0, 0, 1, 0, 0
1635341401701, 97.3, 100, EDGX, 98, 100, XNAS, 97.46, 75, XNAS, 4400, 427438, 97.1449, 100, 1, 100, 1, 1, 0, 0, 0, 1, 0
1635341401701, 97.3, 100, EDGX, 98, 100, XNAS, 97.47, 10, XNAS, 4410, 428412, 97.1456, 100, 1, 100, 1, 1, 0, 0, 0, 1, 0
1635341402321, 97.3, 100, EDGX, 98.2, 100, XNYS, 97.46, 1, XNAS, 4411, 428510, 97.1457, 100, 1, 200, 2, 1, 0, 0, 0, 1, 0
1635341402964, 97.3, 100, EDGX, 98.49, 100, XNAS, 97.45, 100, EDGX, 4511, 438255, 97.1525, 200, 2, 100, 1, 0, 1, 0, 0, 1, 0
1635341402964, 97.3, 100, EDGX, 98.49, 100, XNAS, 97.44, 100, IEXG, 4611, 447999, 97.1587, 200, 2, 100, 1, 0, 1, 0, 0, 1, 0
1635341402964, 97.3, 100, EDGX, 98.49, 100, XNAS, 97.37, 33, IEXG, 4644, 451212, 97.1602, 200, 2, 100, 1, 1, 0, 0, 0, 1, 0
1635341402990, 97.3, 100, EDGX, 98.49, 100, XNAS, 97.8516, 50, XADF, 4694, 456105, 97.1676, 200, 2, 100, 1, 1, 1, 0, 0, 1, 0
1635341403726, 97.3, 100, EDGX, 98.48, 100, XPSX, 97.445, 13, XADF, 4707, 457371, 97.1683, 200, 2, 100, 1, 1, 1, 0, 0, 1, 0
1635341403727, 97.3, 100, EDGX, 98.48, 100, XPSX, 97.895, 13, XADF, 4720, 458644, 97.1703, 200, 2, 100, 1, 1, 1, 0, 1, 0, 0
1635341403931, 97.3, 100, EDGX, 98.49, 100, XNAS, 98.19, 200, XADF, 4920, 478282, 97.2118, 200, 2, 100, 1, 0, 1, 0, 1, 0, 0
1635341406505, 97.3, 100, EDGX, 98.49, 100, XNAS, 98.49, 41, XADF, 4963, 482515, 97.2225, 200, 2, 100, 1, 1, 1, 0, 1, 0, 0
1635341410825, 97.3, 100, IEXG, 98, 300, XNAS, 97.86, 129, XADF, 5092, 495139, 97.2386, 200, 2, 300, 1, 0, 1, 0, 1, 0, 0
1635341413298, 97.3, 100, IEXG, 98, 400, XNAS, 97.3001, 1, XADF, 5093, 495236, 97.2386, 200, 2, 400, 1, 1, 1, 0, 0, 1, 0
1635341414674, 97.3, 100, IEXG, 98, 400, XNAS, 97.7136, 15, XADF, 5108, 496702, 97.24, 200, 2, 400, 1, 1, 1, 0, 1, 0, 0
1635341417569, 97.3, 100, IEXG, 98, 400, XNAS, 97.65, 250, XADF, 5358, 521115, 97.2592, 200, 2, 500, 2, 0, 1, 1, 0, 0, 0
1635341418283, 97.3, 100, IEXG, 98, 400, XNAS, 97.43, 29, BATY, 5387, 523940, 97.2601, 200, 2, 500, 2, 1, 0, 0, 0, 1, 0
1635341427694, 97.3, 100, EDGX, 97.99, 200, BATS, 97.6985, 15, XADF, 5402, 525406, 97.2613, 100, 1, 200, 1, 1, 1, 0, 1, 0, 0
1635341431262, 97.3, 100, EDGX, 97.99, 200, BATS, 97.4087, 4, XADF, 5406, 525795, 97.2614, 200, 2, 200, 1, 1, 1, 0, 0, 1, 0
1635341433297, 97.3, 100, EDGX, 97.98, 200, XNAS, 97.64, 10, XADF, 5416, 526772, 97.2621, 200, 2, 300, 2, 1, 1, 1, 0, 0, 0
1635341438107, 97.3, 100, EDGX, 97.6, 100, XNAS, 97.3326, 389, XADF, 5805, 564634, 97.2668, 100, 1, 100, 1, 0, 1, 0, 0, 1, 0
1635341438107, 97.3, 100, EDGX, 97.6, 100, XNAS, 97.28, 25, XNAS, 5830, 567066, 97.2669, 100, 1, 100, 1, 1, 0, 0, 0, 1, 1
1635341438107, 97.25, 100, XNAS, 97.6, 100, XNAS, 97.3, 100, EDGX, 5930, 576796, 97.2674, 100, 1, 100, 1, 0, 1, 0, 0, 1, 0
1635341438108, 97, 100, XNAS, 97.6, 100, XNAS, 97.28, 75, XNAS, 6005, 584092, 97.2676, 100, 1, 100, 1, 1, 0, 0, 0, 1, 0
1635341438108, 96.94, 100, XNAS, 97.6, 100, XNAS, 97.25, 45, XNAS, 6050, 588468, 97.2675, 100, 1, 100, 1, 1, 0, 0, 0, 1, 0
1635341438108, 96.94, 100, XNAS, 97.52, 100, XPSX, 97.29, 20, ARCX, 6070, 590414, 97.2675, 100, 1, 100, 1, 1, 0, 0, 1, 0, 0
1635341438108, 96.94, 100, XNAS, 97.52, 100, XPSX, 97.29, 20, ARCX, 6070, 590414, 97.2675, 100, 1, 100, 1, 1, 0, 0, 1, 0, 0
1635341438108, 96.94, 100, XNAS, 97.52, 100, XPSX, 97.3, 100, XADF, 6170, 600144, 97.2681, 100, 1, 100, 1, 0, 1, 0, 1, 0, 0
1635341438108, 96.94, 100, XNAS, 97.52, 100, XPSX, 97.26, 1, ARCX, 6171, 600241, 97.2681, 100, 1, 100, 1, 1, 0, 0, 1, 0, 0
1635341438108, 96.94, 100, XNAS, 97.52, 100, XPSX, 97.26, 3, ARCX, 6174, 600533, 97.2681, 100, 1, 100, 1, 1, 0, 0, 1, 0, 0
1635341438108, 96.94, 100, XNAS, 97.52, 100, XPSX, 97.26, 6, ARCX, 6180, 601117, 97.2681, 100, 1, 100, 1, 1, 0, 0, 1, 0, 0
1635341438108, 96.94, 100, XNAS, 97.52, 100, XPSX, 97.26, 16, ARCX, 6196, 602673, 97.268, 100, 1, 100, 1, 1, 0, 0, 1, 0, 0
1635341439424, 96.94, 100, XNAS, 97.43, 100, BATS, 97.08, 10, XNAS, 6206, 603644, 97.2677, 100, 1, 100, 1, 1, 0, 0, 0, 1, 0
1635341450449, 96.94, 100, XNAS, 97.43, 100, BATS, 97.04, 9, XNAS, 6215, 604517, 97.2674, 100, 1, 100, 1, 1, 0, 0, 0, 1, 0
1635341450449, 96.94, 100, XNAS, 97.43, 100, BATS, 97, 50, XNAS, 6265, 609367, 97.2653, 100, 1, 100, 1, 1, 0, 0, 0, 1, 0
1635341450449, 96.94, 100, XNAS, 97.43, 100, BATS, 96.94, 103, XNAS, 6368, 619352, 97.26, 100, 1, 100, 1, 0, 0, 0, 0, 1, 0
1635341450450, 96.88, 200, XNAS, 97.26, 100, XNAS, 97, 45, EDGX, 6413, 623717, 97.2582, 200, 1, 100, 1, 1, 0, 0, 0, 1, 0
1635341450450, 96.56, 100, BATS, 97.26, 100, XNAS, 96.88, 200, XNAS, 6613, 643093, 97.2467, 100, 1, 100, 1, 0, 1, 0, 0, 1, 0
1635341450481, 96.5, 600, XNAS, 97.25, 200, XNAS, 96.71, 12, XNAS, 6625, 644253, 97.2458, 600, 1, 200, 1, 1, 0, 0, 0, 1, 0
1635341450483, 96.5, 500, XNAS, 96.98, 100, IEXG, 96.59, 22, XNAS, 6647, 646378, 97.2436, 500, 1, 100, 1, 1, 0, 0, 0, 1, 0
1635341450483, 96.5, 500, XNAS, 96.98, 100, IEXG, 96.5, 6, XNAS, 6653, 646957, 97.2429, 500, 1, 100, 1, 1, 0, 0, 0, 1, 0
1635341450483, 96.5, 500, XNAS, 96.98, 100, IEXG, 96.5, 72, XNAS, 6725, 653905, 97.235, 500, 1, 100, 1, 1, 0, 0, 0, 1, 0
1635341450483, 96.5, 300, XNAS, 96.98, 100, IEXG, 96.5, 227, XNAS, 6952, 675811, 97.211, 300, 1, 100, 1, 0, 0, 0, 0, 1, 0
1635341450483, 96.37, 100, XASE, 96.98, 100, IEXG, 96.5, 3, XNAS, 6955, 676100, 97.2107, 200, 2, 100, 1, 1, 0, 0, 0, 1, 0
1635341450483, 96.37, 100, XASE, 96.98, 100, IEXG, 96.5, 297, XNAS, 7252, 704761, 97.1816, 200, 2, 100, 1, 0, 1, 0, 0, 1, 0
1635341450483, 96.37, 100, XASE, 96.97, 100, XNAS, 96.5, 3, XNAS, 7255, 705050, 97.1813, 200, 2, 100, 1, 1, 0, 0, 0, 1, 0
1635341450484, 96.37, 100, XASE, 96.97, 100, XNAS, 96.5, 5, ARCX, 7260, 705533, 97.1808, 200, 2, 300, 3, 1, 0, 0, 0, 1, 0
1635341450484, 96.37, 100, XASE, 96.97, 100, XNAS, 96.5, 1, ARCX, 7261, 705629, 97.1807, 200, 2, 300, 3, 1, 0, 0, 0, 1, 0
1635341460559, 96.2, 2000, XNAS, 96.96, 100, BATS, 96.58, 10, IEXG, 7271, 706595, 97.1799, 2100, 2, 200, 2, 1, 0, 1, 0, 0, 0
1635341476301, 96.2, 2000, XNAS, 96.6, 300, XNAS, 96.54, 12, XNAS, 7283, 707754, 97.1788, 2100, 2, 300, 1, 1, 0, 0, 1, 0, 0
1635341476301, 96.2, 2000, XNAS, 96.6, 300, XNAS, 96.54, 30, XNAS, 7313, 710650, 97.1762, 2100, 2, 300, 1, 1, 0, 0, 1, 0, 0
1635341476301, 96.2, 2000, XNAS, 96.6, 300, XNAS, 96.54, 12, XNAS, 7325, 711808, 97.1752, 2100, 2, 300, 1, 1, 0, 0, 1, 0, 0
1635341476301, 96.2, 2000, XNAS, 96.6, 300, XNAS, 96.54, 30, XNAS, 7355, 714704, 97.1726, 2100, 2, 300, 1, 1, 0, 0, 1, 0, 0
1635341476301, 96.2, 1000, XNAS, 96.6, 300, XNAS, 96.2, 966, XNAS, 8321, 807634, 97.0597, 1100, 2, 300, 1, 0, 0, 0, 0, 1, 0
1635341476301, 96.2, 100, EDGA, 96.6, 300, XNAS, 96.21, 100, XNAS, 8421, 817255, 97.0496, 200, 2, 300, 1, 0, 1, 0, 0, 1, 0
1635341476301, 96.2, 100, EDGA, 96.6, 300, XNAS, 96.2, 934, XNAS, 9355, 907105, 96.9648, 200, 2, 300, 1, 0, 0, 0, 0, 1, 0
1635341476301, 96.2, 100, EDGA, 96.6, 300, XNAS, 96.2, 100, XNAS, 9455, 916725, 96.9567, 200, 2, 300, 1, 0, 0, 0, 0, 1, 0
1635341476301, 96.2, 100, EDGA, 96.6, 300, XNAS, 96.32, 1, XNAS, 9456, 916822, 96.9566, 100, 1, 300, 1, 1, 0, 0, 0, 1, 0
1635341476301, 96.2, 100, EDGA, 96.6, 300, XNAS, 96.32, 1, XNAS, 9457, 916918, 96.9565, 100, 1, 300, 1, 1, 0, 0, 0, 1, 0
1635341476301, 96.2, 100, EDGA, 96.6, 300, XNAS, 96.32, 1, XNAS, 9458, 917014, 96.9565, 100, 1, 300, 1, 1, 0, 0, 0, 1, 0
1635341476301, 96, 100, XNAS, 96.6, 300, XNAS, 96.32, 7, XNAS, 9465, 917689, 96.956, 100, 1, 300, 1, 1, 0, 0, 1, 0, 0
1635341476301, 96, 100, XNAS, 96.6, 300, XNAS, 96.21, 40, EDGA, 9505, 921537, 96.9529, 100, 1, 300, 1, 1, 0, 0, 0, 1, 0
1635341476301, 96, 100, XNAS, 96.6, 300, XNAS, 96.21, 100, BATS, 9605, 931158, 96.9451, 100, 1, 300, 1, 0, 1, 0, 0, 1, 0
1635341476301, 96, 100, XNAS, 96.6, 300, XNAS, 96.3, 73, IEXG, 9678, 938188, 96.9403, 100, 1, 400, 2, 1, 0, 1, 0, 0, 0
1635341476301, 95.83, 100, BATS, 96.6, 300, XNAS, 96.09, 35, XNAS, 9713, 941551, 96.9372, 100, 1, 400, 2, 1, 0, 0, 0, 1, 0
1635341476301, 95.83, 100, BATS, 96.6, 300, XNAS, 96.08, 10, XNAS, 9723, 942512, 96.9363, 100, 1, 400, 2, 1, 0, 0, 0, 1, 0
1635341476301, 95.83, 100, BATS, 96.6, 300, XNAS, 96.07, 55, XNAS, 9778, 947796, 96.9314, 100, 1, 400, 2, 1, 0, 0, 0, 1, 0
1635341476302, 95.84, 100, BATS, 96.49, 100, XPSX, 96.19, 3, XNAS, 9781, 948084, 96.9312, 100, 1, 100, 1, 1, 0, 0, 1, 0, 0
1635341476303, 95.73, 100, XNAS, 96.49, 100, XPSX, 96.1, 5, ARCX, 9786, 948565, 96.9308, 100, 1, 100, 1, 1, 0, 0, 0, 1, 0
1635341476307, 95.74, 200, XCHI, 96.49, 100, XPSX, 96.07, 12, XNAS, 9798, 949718, 96.9297, 200, 1, 100, 1, 1, 0, 0, 0, 1, 0
1635341476307, 95.74, 200, XCHI, 96.49, 100, XPSX, 96, 30, XNAS, 9828, 952598, 96.9269, 200, 1, 100, 1, 1, 0, 0, 0, 1, 0
1635341476307, 95.74, 200, XCHI, 96.49, 100, XPSX, 96, 38, XNAS, 9866, 956246, 96.9233, 200, 1, 100, 1, 1, 0, 0, 0, 1, 0
1635341476307, 95.74, 200, XCHI, 96.49, 100, XPSX, 96, 1, XNAS, 9867, 956342, 96.9232, 200, 1, 100, 1, 1, 0, 0, 0, 1, 0
1635341476307, 95.74, 200, XCHI, 96.39, 200, EDGX, 96, 11, XNAS, 9878, 957398, 96.9222, 200, 1, 300, 2, 1, 0, 0, 0, 1, 0
1635341488405, 95.56, 100, ARCX, 96.39, 100, BATS, 96.0098, 100, XADF, 9978, 966999, 96.9131, 300, 3, 200, 2, 0, 1, 0, 1, 0, 0
1635341488682, 95.23, 600, IEXG, 96.39, 100, BATS, 95.81, 10, XADF, 9988, 967957, 96.912, 600, 1, 200, 2, 1, 1, 1, 0, 0, 0
1635341488710, 95.23, 600, IEXG, 96.38, 200, XCHI, 96.38, 10, XADF, 9998, 968920, 96.9114, 800, 2, 300, 2, 1, 1, 0, 1, 0, 0
1635341493237, 95.23, 600, IEXG, 96.38, 100, BATS, 95.27, 100, XADF, 10098, 978447, 96.8952, 600, 1, 100, 1, 0, 1, 0, 0, 1, 0
1635341493239, 95.23, 600, IEXG, 96.37, 200, XCHI, 95.23, 25, XADF, 10123, 980828, 96.8911, 600, 1, 200, 1, 1, 1, 0, 0, 1, 0
1635341493239, 95.23, 600, IEXG, 96.37, 200, XCHI, 95.23, 75, XADF, 10198, 987970, 96.8788, 600, 1, 200, 1, 1, 1, 0, 0, 1, 0
1635341493240, 95.23, 600, IEXG, 96.37, 200, XCHI, 95.3235, 200, XADF, 10398, 1.00704e+06, 96.8489, 600, 1, 200, 1, 0, 1, 0, 0, 1, 0
1635341493241, 95.23, 600, IEXG, 96.37, 200, XCHI, 95.23, 50, XADF, 10448, 1.0118e+06, 96.8412, 600, 1, 200, 1, 1, 1, 0, 0, 1, 0
1635341493242, 95.23, 600, IEXG, 96.37, 200, XCHI, 95.231, 50, XADF, 10498, 1.01656e+06, 96.8335, 600, 1, 300, 2, 1, 1, 0, 0, 1, 0
1635341493243, 95.23, 600, IEXG, 96.37, 200, XCHI, 95.231, 90, XADF, 10588, 1.02513e+06, 96.8199, 600, 1, 300, 2, 1, 1, 0, 0, 1, 0
1635341493243, 95.23, 600, IEXG, 96.37, 200, XCHI, 95.231, 5, XADF, 10593, 1.02561e+06, 96.8191, 600, 1, 300, 2, 1, 1, 0, 0, 1, 0
1635341495161, 95.23, 600, IEXG, 96.37, 100, BATS, 96.37, 57, XADF, 10650, 1.0311e+06, 96.8167, 600, 1, 100, 1, 1, 1, 0, 1, 0, 0
1635341519446, 95.23, 600, IEXG, 96.3, 100, IEXG, 95.73, 12, XNAS, 10662, 1.03225e+06, 96.8155, 600, 1, 200, 2, 1, 0, 0, 0, 1, 0
1635341519446, 95.23, 600, IEXG, 96.3, 100, IEXG, 95.77, 2, XNAS, 10664, 1.03244e+06, 96.8153, 600, 1, 200, 2, 1, 0, 0, 1, 0, 0
1635341519447, 95.23, 600, IEXG, 96.3, 100, IEXG, 95.77, 3, XNAS, 10667, 1.03273e+06, 96.815, 600, 1, 200, 2, 1, 0, 0, 1, 0, 0
1635341527668, 95.35, 100, EDGX, 96.29, 100, BATS, 95.77, 4, XNAS, 10671, 1.03311e+06, 96.8146, 100, 1, 100, 1, 1, 0, 0, 0, 1, 0
1635341529241, 95.35, 100, EDGX, 96.29, 100, BATS, 95.77, 2, XNAS, 10673, 1.0333e+06, 96.8144, 100, 1, 100, 1, 1, 0, 0, 0, 1, 0
1635341529400, 95.35, 100, EDGX, 96.28, 200, BATS, 95.76, 1, XNAS, 10674, 1.0334e+06, 96.8143, 100, 1, 300, 2, 1, 0, 0, 0, 1, 0
1635341529400, 95.35, 100, EDGX, 96.28, 200, BATS, 95.77, 7, XNAS, 10681, 1.03407e+06, 96.8137, 100, 1, 300, 2, 1, 0, 0, 0, 1, 0
1635341530469, 95.35, 100, EDGX, 96.28, 100, BATS, 95.77, 4, XNAS, 10685, 1.03445e+06, 96.8133, 100, 1, 100, 1, 1, 0, 0, 0, 1, 0
1635341530469, 95.35, 100, EDGX, 96.28, 100, BATS, 95.77, 28, XNAS, 10713, 1.03713e+06, 96.8105, 100, 1, 100, 1, 1, 0, 0, 0, 1, 0
1635341530771, 95.56, 200, XNAS, 96.27, 100, BATS, 95.915, 100, XADF, 10813, 1.04672e+06, 96.8023, 200, 1, 100, 1, 0, 1, 1, 0, 0, 0
1635341567432, 95.35, 100, EDGX, 95.92, 100, XNAS, 95.91, 100, XNAS, 10913, 1.05631e+06, 96.7941, 100, 1, 100, 1, 0, 1, 0, 1, 0, 0
1635341567432, 95.35, 100, EDGX, 96.27, 100, BATS, 95.92, 6, XNAS, 10919, 1.05689e+06, 96.7936, 100, 1, 100, 1, 1, 0, 0, 1, 0, 0
1635341582956, 95.35, 100, EDGX, 96.27, 100, BATS, 95.92, 4, XNAS, 10923, 1.05727e+06, 96.7933, 100, 1, 100, 1, 1, 0, 0, 1, 0, 0
1635341609407, 95.23, 300, XNAS, 96.27, 100, BATS, 95.91, 100, XNAS, 11023, 1.06686e+06, 96.7853, 300, 1, 100, 1, 0, 1, 0, 1, 0, 0
1635341647558, 95.23, 300, XNAS, 96.27, 100, XNAS, 95.75, 3, XADF, 11026, 1.06715e+06, 96.785, 300, 1, 300, 3, 1, 1, 1, 0, 0, 0
1635341647817, 95.36, 100, BATS, 96.26, 200, BATS, 95.63, 13, XADF, 11040, 1.06849e+06, 96.7835, 100, 1, 300, 2, 1, 1, 0, 0, 1, 0
1635341647906, 95.23, 300, XNAS, 96.26, 200, BATS, 95.67, 8, EDGX, 11048, 1.06926e+06, 96.7827, 300, 1, 300, 2, 1, 0, 0, 0, 1, 0
1635341647906, 95.23, 300, XNAS, 96.26, 200, BATS, 95.67, 13, EDGX, 11061, 1.0705e+06, 96.7814, 300, 1, 300, 2, 1, 0, 0, 0, 1, 0
1635341647906, 95.23, 300, XNAS, 96.26, 200, BATS, 95.67, 2, EDGX, 11063, 1.07069e+06, 96.7812, 300, 1, 300, 2, 1, 0, 0, 0, 1, 0
1635341647907, 95.23, 300, XNAS, 96.26, 100, BATS, 95.67, 3, EDGX, 11066, 1.07098e+06, 96.7809, 300, 1, 100, 1, 1, 0, 0, 0, 1, 0
1635341647914, 95.23, 300, XNAS, 96.26, 100, BATS, 95.67, 2, EDGX, 11068, 1.07117e+06, 96.7807, 300, 1, 100, 1, 1, 0, 0, 0, 1, 0
1635341650576, 95.23, 300, XNAS, 95.67, 100, BATS, 95.67, 100, XNAS, 11168, 1.08074e+06, 96.7708, 400, 2, 100, 1, 0, 1, 0, 1, 0, 0
1635341650576, 95.32, 300, XPSX, 96.05, 100, BATS, 95.67, 100, BATS, 11268, 1.0903e+06, 96.761, 400, 2, 100, 1, 0, 1, 0, 0, 1, 0
1635341650576, 95.32, 300, XPSX, 96.05, 100, BATS, 95.67, 1, MEMX, 11269, 1.0904e+06, 96.7609, 400, 2, 100, 1, 1, 0, 0, 0, 1, 0
1635341650576, 95.32, 300, XPSX, 96.05, 100, BATS, 95.67, 5, EDGX, 11274, 1.09088e+06, 96.7604, 400, 2, 100, 1, 1, 0, 0, 0, 1, 0
1635341650576, 95.32, 300, XPSX, 96.05, 100, BATS, 95.67, 2, EDGX, 11276, 1.09107e+06, 96.7602, 400, 2, 100, 1, 1, 0, 0, 0, 1, 0
1635341650577, 95.56, 100, ARCX, 96.26, 200, XCHI, 95.67, 1, BATS, 11277, 1.09116e+06, 96.7601, 100, 1, 200, 1, 1, 0, 0, 0, 1, 0
1635341650807, 95.56, 100, ARCX, 96.27, 100, ARCX, 95.92, 90, XNAS, 11367, 1.0998e+06, 96.7535, 100, 1, 100, 1, 1, 0, 0, 1, 0, 0
1635341650807, 95.56, 300, XPSX, 96.27, 100, ARCX, 95.81, 99, BATS, 11466, 1.10928e+06, 96.7453, 400, 2, 100, 1, 1, 0, 0, 0, 1, 0
1635341650808, 95.56, 300, XPSX, 96.27, 100, ARCX, 95.9, 99, ARCX, 11565, 1.11878e+06, 96.7381, 500, 3, 100, 1, 1, 0, 0, 0, 1, 0
1635341650808, 95.56, 300, XPSX, 96.27, 100, ARCX, 95.74, 10, XNYS, 11575, 1.11973e+06, 96.7372, 500, 3, 100, 1, 1, 0, 0, 0, 1, 0
1635341656808, 95.23, 200, XNAS, 96.27, 100, ARCX, 95.6232, 300, XADF, 11875, 1.14842e+06, 96.7091, 300, 2, 100, 1, 0, 1, 0, 0, 1, 0
1635341660496, 95.23, 200, XNAS, 96.27, 100, ARCX, 95.23, 2, XADF, 11877, 1.14861e+06, 96.7088, 300, 2, 100, 1, 1, 1, 0, 0, 1, 0
1635341675436, 95.23, 100, BATY, 96.27, 100, ARCX, 95.2301, 1, XADF, 11878, 1.14871e+06, 96.7087, 200, 2, 100, 1, 1, 1, 0, 0, 1, 0
1635341676409, 95.23, 100, BATY, 96.27, 100, ARCX, 95.75, 99, EDGA, 11977, 1.15819e+06, 96.7008, 200, 2, 100, 1, 1, 0, 1, 0, 0, 0
1635341676414, 95.24, 200, XCHI, 96.26, 200, XCHI, 95.69, 1, XNAS, 11978, 1.15828e+06, 96.7007, 200, 1, 200, 1, 1, 0, 0, 0, 1, 0
1635341677656, 95.23, 100, BATY, 96.27, 100, ARCX, 95.75, 100, XADF, 12078, 1.16786e+06, 96.6928, 100, 1, 100, 1, 0, 1, 1, 0, 0, 0
1635341693118, 95.23, 100, BATY, 96.27, 100, ARCX, 95.85, 50, XADF, 12128, 1.17265e+06, 96.6894, 100, 1, 100, 1, 1, 1, 0, 1, 0, 0
1635341695655, 95.23, 100, BATY, 96.15, 100, BATS, 95.77, 100, XNAS, 12228, 1.18223e+06, 96.6818, 100, 1, 100, 1, 0, 1, 0, 1, 0, 0
1635341709380, 95.23, 100, BATY, 96.27, 100, EPRL, 95.75, 90, XADF, 12318, 1.19084e+06, 96.675, 100, 1, 100, 1, 1, 1, 1, 0, 0, 0
1635341717631, 95.23, 100, BATY, 95.77, 100, XNAS, 95.77, 90, BATS, 12408, 1.19946e+06, 96.6685, 100, 1, 100, 1, 1, 0, 0, 1, 0, 0
1635341720746, 95.23, 100, BATY, 95.77, 100, XNAS, 95.5, 3, XADF, 12411, 1.19975e+06, 96.6682, 100, 1, 100, 1, 1, 1, 1, 0, 0, 0
1635341752018, 95.23, 100, BATY, 95.77, 200, XNAS, 95.6986, 1, XADF, 12412, 1.19984e+06, 96.6681, 200, 2, 200, 1, 1, 1, 0, 1, 0, 0
1635341772300, 95.23, 100, BATY, 95.77, 200, XNAS, 95.76, 10, XADF, 12422, 1.2008e+06, 96.6674, 200, 2, 200, 1, 1, 1, 0, 1, 0, 0
1635341791434, 95.23, 100, BATY, 95.77, 200, XNAS, 95.55, 10, ARCX, 12432, 1.20176e+06, 96.6665, 200, 2, 200, 1, 1, 0, 0, 1, 0, 0
1635341800402, 95.23, 100, XNAS, 95.6, 200, EDGX, 95.32, 100, BATY, 12532, 1.21129e+06, 96.6557, 200, 2, 400, 2, 0, 1, 0, 0, 1, 0
1635341800402, 95.23, 100, XNAS, 95.6, 200, EDGX, 95.3, 100, XNAS, 12632, 1.22082e+06, 96.645, 200, 2, 400, 2, 0, 1, 0, 0, 1, 0
1635341800402, 95.23, 100, BATY, 95.6, 200, EDGX, 95.23, 100, XNAS, 12732, 1.23034e+06, 96.6339, 100, 1, 400, 2, 0, 1, 0, 0, 1, 0
1635341800402, 95.23, 100, BATY, 95.6, 200, EDGX, 95.24, 50, BATY, 12782, 1.2351e+06, 96.6284, 100, 1, 400, 2, 1, 0, 0, 0, 1, 0
1635341800402, 95.22, 5000, XNAS, 95.6, 200, EDGX, 95.23, 50, BATY, 12832, 1.23987e+06, 96.623, 5000, 1, 400, 2, 1, 0, 0, 0, 1, 0
1635341800402, 95.22, 5000, XNAS, 95.52, 300, XPSX, 95.23, 32, BATY, 12864, 1.24291e+06, 96.6195, 5000, 1, 400, 2, 1, 0, 0, 0, 1, 0
1635341800402, 95.22, 5000, XNAS, 95.52, 300, XPSX, 95.23, 18, BATY, 12882, 1.24463e+06, 96.6176, 5000, 1, 400, 2, 1, 0, 0, 0, 1, 0
1635341800403, 94.85, 100, BATS, 95.52, 300, XPSX, 95.22, 5000, XNAS, 17882, 1.72073e+06, 96.2268, 100, 1, 400, 2, 0, 1, 0, 1, 0, 0
1635341800403, 94.85, 100, BATS, 95.52, 300, XPSX, 95, 4, XNAS, 17886, 1.72111e+06, 96.2265, 100, 1, 400, 2, 1, 0, 0, 0, 1, 0
1635341800403, 94.85, 100, BATS, 95.52, 300, XPSX, 95, 11, XNAS, 17897, 1.72215e+06, 96.2258, 100, 1, 400, 2, 1, 0, 0, 0, 1, 0
1635341800403, 94.85, 100, BATS, 95.52, 300, XPSX, 95, 50, XNAS, 17947, 1.7269e+06, 96.2224, 100, 1, 400, 2, 1, 0, 0, 0, 1, 0
1635341800403, 94.85, 100, BATS, 95.33, 200, XPSX, 95.23, 100, ARCX, 18047, 1.73643e+06, 96.2169, 100, 1, 200, 1, 0, 1, 0, 1, 0, 0
1635341800403, 94.85, 100, BATS, 95.23, 100, XNAS, 94.94, 31, XNAS, 18078, 1.73937e+06, 96.2147, 100, 1, 100, 1, 1, 0, 0, 0, 1, 0
1635341800403, 94.85, 100, BATS, 95.23, 100, XNAS, 95.3, 1, IEXG, 18079, 1.73946e+06, 96.2146, 100, 1, 100, 1, 1, 0, 0, 1, 0, 1
1635341800688, 94.75, 5000, XNAS, 95.23, 100, XNAS, 94.7501, 300, XADF, 18379, 1.76789e+06, 96.1907, 5100, 2, 200, 2, 0, 1, 0, 0, 1, 0
1635341800688, 94.75, 5000, XNAS, 95.23, 100, XNAS, 95.17, 2, IEXG, 18381, 1.76808e+06, 96.1906, 5100, 2, 200, 2, 1, 0, 0, 1, 0, 0
1635341800688, 94.75, 5000, XNAS, 95.23, 100, XNAS, 95.23, 33, IEXG, 18414, 1.77122e+06, 96.1889, 5100, 2, 200, 2, 1, 0, 0, 1, 0, 0
1635341800688, 94.75, 5000, XNAS, 95.23, 100, XNAS, 95.23, 64, IEXG, 18478, 1.77732e+06, 96.1856, 5100, 2, 200, 2, 1, 0, 0, 1, 0, 0
1635341800690, 94.75, 5000, XNAS, 95.23, 100, XNAS, 94.86, 12, XNAS, 18490, 1.77846e+06, 96.1847, 5000, 1, 100, 1, 1, 0, 0, 0, 1, 0
1635341800690, 94.75, 5000, XNAS, 95.23, 100, XNAS, 94.86, 38, XNAS, 18528, 1.78206e+06, 96.182, 5000, 1, 100, 1, 1, 0, 0, 0, 1, 0
1635341800692, 94.75, 5000, XNAS, 95.23, 100, XNAS, 94.84, 1, ARCX, 18538, 1.78301e+06, 96.1812, 5000, 1, 100, 1, 1, 0, 0, 0, 1, 0
1635341800694, 94.82, 100, XNAS, 95.23, 100, XNAS, 94.75, 100, XADF, 18638, 1.79248e+06, 96.1735, 100, 1, 100, 1, 0, 1, 0, 0, 1, 1
1635341800695, 94.82, 100, XNAS, 95.23, 100, XNAS, 94.82, 50, XADF, 18688, 1.79722e+06, 96.1699, 100, 1, 100, 1, 1, 1, 0, 0, 1, 0
1635341800695, 94.82, 100, XNAS, 95.23, 100, XNAS, 94.82, 9, XADF, 18697, 1.79808e+06, 96.1693, 100, 1, 100, 1, 1, 1, 0, 0, 1, 0
1635341800760, 94.82, 100, XNAS, 95.23, 100, XNAS, 94.8637, 54, XADF, 18751, 1.8032e+06, 96.1655, 100, 1, 100, 1, 1, 1, 0, 0, 1, 0
1635341802515, 94.83, 100, XNAS, 95.6, 200, EDGX, 94.88, 48, XNAS, 18799, 1.80775e+06, 96.1622, 200, 2, 400, 2, 1, 0, 0, 0, 1, 0
1635341808253, 94.85, 100, XNAS, 95.6, 200, EDGX, 94.92, 10, IEXG, 18809, 1.8087e+06, 96.1616, 300, 3, 400, 2, 1, 0, 0, 0, 1, 0
1635341820184, 94.87, 100, XNAS, 95.6, 200, EDGX, 94.97, 8, XADF, 18817, 1.80946e+06, 96.1611, 300, 3, 400, 2, 1, 1, 0, 0, 1, 0
1635341830618, 94.89, 100, XNAS, 95.6, 200, EDGX, 95.245, 30, XADF, 18847, 1.81232e+06, 96.1596, 200, 2, 400, 2, 1, 1, 1, 0, 0, 0
1635341845621, 94.93, 100, XNAS, 95.6, 200, EDGX, 95.4838, 200, XADF, 19047, 1.83142e+06, 96.1525, 100, 1, 400, 2, 0, 1, 0, 1, 0, 0
1635341847373, 94.93, 100, XNAS, 95.6, 200, EDGX, 95.23, 4, BATS, 19051, 1.8318e+06, 96.1523, 100, 1, 400, 2, 1, 0, 0, 0, 1, 0
1635341847374, 94.93, 100, XNAS, 95.6, 200, EDGX, 95.23, 100, XADF, 19151, 1.84132e+06, 96.1475, 200, 2, 500, 3, 0, 1, 0, 0, 1, 0
1635341874397, 95.01, 100, XNAS, 95.6, 200, EDGX, 95.305, 41, XADF, 19192, 1.84523e+06, 96.1457, 100, 1, 400, 2, 1, 1, 1, 0, 0, 0
1635341879010, 95.01, 100, XNAS, 95.6, 200, EDGX, 95.1, 50, EDGX, 19242, 1.84998e+06, 96.143, 100, 1, 400, 2, 1, 0, 0, 0, 1, 0
1635341879014, 95.01, 100, XNAS, 95.59, 200, XCHI, 95.1, 100, XADF, 19342, 1.85949e+06, 96.1376, 100, 1, 300, 2, 0, 1, 0, 0, 1, 0
1635341906414, 95.05, 100, XNAS, 95.6, 200, EDGX, 95.325, 12, XADF, 19354, 1.86064e+06, 96.1371, 100, 1, 200, 1, 1, 1, 1, 0, 0, 0
1635341908494, 95.07, 100, XNAS, 95.6, 200, EDGX, 95.32, 1, XNAS, 19355, 1.86073e+06, 96.137, 200, 2, 200, 1, 1, 0, 0, 0, 1, 0
1635341908497, 95.07, 100, IEXG, 95.6, 200, EDGX, 95.32, 9, XADF, 19364, 1.86159e+06, 96.1367, 100, 1, 200, 1, 1, 1, 0, 0, 1, 0
1635341908506, 95.07, 100, IEXG, 95.6, 200, EDGX, 95.07, 100, EDGA, 19464, 1.8711e+06, 96.1312, 200, 2, 200, 1, 0, 1, 0, 0, 1, 0
1635341916125, 95.08, 100, XNAS, 95.6, 200, EDGX, 95.09, 100, XNAS, 19564, 1.88061e+06, 96.1259, 100, 1, 200, 1, 0, 1, 0, 0, 1, 0
1635341916125, 95.08, 100, XNAS, 95.6, 200, EDGX, 95.08, 69, XNAS, 19633, 1.88717e+06, 96.1222, 100, 1, 200, 1, 1, 0, 0, 0, 1, 0
1635341916125, 94.75, 5000, XNAS, 95.6, 200, EDGX, 95.08, 31, XNAS, 19664, 1.89011e+06, 96.1205, 5000, 1, 200, 1, 1, 0, 0, 0, 1, 0
1635341916125, 94.75, 5000, XNAS, 95.6, 200, EDGX, 95.08, 2, XNAS, 19666, 1.8903e+06, 96.1204, 5000, 1, 200, 1, 1, 0, 0, 0, 1, 0
1635341916125, 94.75, 5000, XNAS, 95.6, 200, EDGX, 95.06, 2, XNAS, 19668, 1.89049e+06, 96.1203, 5000, 1, 200, 1, 1, 0, 0, 0, 1, 0
1635341916126, 94.75, 5000, XNAS, 95.41, 200, XPSX, 95.04, 1, XNAS, 19669, 1.89059e+06, 96.1203, 5000, 1, 200, 1, 1, 0, 0, 0, 1, 0
1635341916126, 94.75, 5000, XNAS, 95.4, 200, XPSX, 95.05, 45, ARCX, 19714, 1.89487e+06, 96.1178, 5000, 1, 200, 1, 1, 0, 0, 0, 1, 0
1635341916212, 94.86, 100, XNAS, 95.06, 100, XNAS, 94.87, 100, XNAS, 19814, 1.90435e+06, 96.1115, 100, 1, 100, 1, 0, 1, 0, 0, 1, 0
1635341916213, 94.75, 5000, XNAS, 95.06, 100, XNAS, 94.86, 100, XNAS, 19914, 1.91384e+06, 96.1052, 5000, 1, 100, 1, 0, 1, 0, 0, 1, 0
1635341916214, 94.75, 5000, XNAS, 95.06, 100, XNAS, 94.85, 12, XNAS, 19926, 1.91498e+06, 96.1045, 5000, 1, 100, 1, 1, 0, 0, 0, 1, 0
1635341916358, 94.75, 5000, XNAS, 95.06, 100, XNAS, 95.05, 62, XNAS, 19988, 1.92087e+06, 96.1012, 5000, 1, 100, 1, 1, 0, 0, 1, 0, 0
1635341919616, 94.75, 5100, XNAS, 95.06, 100, XNAS, 94.75, 100, MEMX, 20088, 1.93035e+06, 96.0945, 5100, 1, 100, 1, 0, 1, 0, 0, 1, 0
1635341922210, 94.76, 100, XASE, 95.06, 100, XNAS, 94.76, 12, XASE, 20100, 1.93148e+06, 96.0937, 200, 2, 100, 1, 1, 0, 0, 0, 1, 0
1635341924140, 94.76, 100, XNAS, 95.06, 100, XNAS, 94.91, 100, XADF, 20200, 1.94097e+06, 96.0878, 100, 1, 100, 1, 0, 1, 1, 0, 0, 0
1635341930075, 94.76, 100, XNAS, 95.06, 100, XNAS, 95.05, 32, XNAS, 20232, 1.94402e+06, 96.0862, 100, 1, 100, 1, 1, 0, 0, 1, 0, 0
1635341930075, 94.76, 100, XNAS, 95.06, 100, XNAS, 95, 33, IEXG, 20265, 1.94715e+06, 96.0844, 100, 1, 100, 1, 1, 0, 0, 1, 0, 0
1635341931032, 94.76, 100, XNAS, 95.06, 100, XNAS, 94.91, 55, XADF, 20320, 1.95237e+06, 96.0812, 100, 1, 100, 1, 1, 1, 1, 0, 0, 0
1635341942627, 94.76, 100, XNAS, 95.06, 100, XNAS, 94.835, 45, XADF, 20365, 1.95664e+06, 96.0785, 100, 1, 100, 1, 1, 1, 0, 0, 1, 0
1635341953516, 94.75, 500, XNAS, 95.06, 100, XNAS, 94.76, 100, XNAS, 20465, 1.96611e+06, 96.072, 500, 1, 100, 1, 0, 1, 0, 0, 1, 0
1635341953516, 94.75, 500, XNAS, 95.06, 100, XNAS, 94.75, 4538, XNAS, 25003, 2.39609e+06, 95.8321, 500, 1, 100, 1, 0, 0, 0, 0, 1, 0
1635341953516, 94.7, 100, XNAS, 95.06, 100, XNAS, 94.75, 507, XNAS, 25510, 2.44413e+06, 95.8106, 100, 1, 100, 1, 0, 1, 0, 0, 1, 0
1635341953516, 94.38, 100, BATS, 95.06, 100, XNAS, 94.72, 47, XNAS, 25557, 2.44858e+06, 95.8086, 100, 1, 100, 1, 1, 0, 1, 0, 0, 0
1635341953516, 94.38, 100, BATS, 95.06, 100, XNAS, 94.7, 45, XNAS, 25602, 2.45284e+06, 95.8066, 100, 1, 100, 1, 1, 0, 0, 0, 1, 0
1635341953516, 94.38, 100, BATS, 95.06, 100, XNAS, 94.7, 35, XNAS, 25637, 2.45616e+06, 95.8051, 100, 1, 100, 1, 1, 0, 0, 0, 1, 0
1635341970898, 94.38, 100, EDGA, 94.75, 100, XNAS, 94.72, 100, XNAS, 25737, 2.46563e+06, 95.8009, 100, 1, 200, 2, 0, 1, 0, 1, 0, 0
1635341970898, 94.38, 100, EDGA, 94.75, 100, XNAS, 94.74, 3, XNAS, 25740, 2.46591e+06, 95.8008, 100, 1, 200, 2, 1, 0, 0, 1, 0, 0
1635341970898, 94.38, 100, EDGA, 94.75, 100, XNAS, 94.7, 100, EDGA, 25840, 2.47538e+06, 95.7965, 100, 1, 200, 2, 0, 1, 0, 1, 0, 0
1635341970898, 94.38, 100, EDGA, 94.75, 100, XNAS, 94.74, 1, EDGA, 25841, 2.47548e+06, 95.7965, 100, 1, 200, 2, 1, 0, 0, 1, 0, 0
1635341970898, 94.06, 200, BATS, 94.75, 100, XNAS, 94.74, 1, EDGA, 25842, 2.47557e+06, 95.7964, 200, 1, 100, 1, 1, 0, 0, 1, 0, 0
1635341970898, 94.06, 200, BATS, 94.75, 100, XNAS, 94.74, 1, EDGA, 25843, 2.47567e+06, 95.7964, 200, 1, 100, 1, 1, 0, 0, 1, 0, 0
1635341982963, 94.07, 200, BATS, 94.75, 100, XNAS, 94.7499, 50, XADF, 25893, 2.4804e+06, 95.7944, 200, 1, 100, 1, 1, 1, 0, 1, 0, 0
1635342017945, 94.39, 100, XNAS, 94.75, 100, XNAS, 94.57, 30, XADF, 25923, 2.48324e+06, 95.793, 100, 1, 100, 1, 1, 1, 1, 0, 0, 0
1635342022483, 94.39, 100, XNAS, 94.75, 100, XNAS, 94.39, 11, XADF, 25934, 2.48428e+06, 95.7924, 100, 1, 100, 1, 1, 1, 0, 0, 1, 0
1635342029797, 94.39, 100, XNAS, 94.75, 100, XNAS, 94.436, 6, XADF, 25940, 2.48485e+06, 95.7921, 100, 1, 100, 1, 1, 1, 0, 0, 1, 0
1635342030339, 94.39, 100, XNAS, 94.75, 100, XNAS, 94.41, 100, XNAS, 26040, 2.49429e+06, 95.7868, 200, 2, 100, 1, 0, 1, 0, 0, 1, 0
1635342030339, 94.39, 100, XNAS, 94.75, 100, XNAS, 94.39, 100, EDGA, 26140, 2.50373e+06, 95.7814, 100, 1, 100, 1, 0, 1, 0, 0, 1, 0
1635342030346, 94.39, 100, XNAS, 94.75, 100, XNAS, 94.39, 30, XADF, 26170, 2.50656e+06, 95.7798, 100, 1, 100, 1, 1, 1, 0, 0, 1, 0
1635342030347, 94.39, 100, XNAS, 94.75, 100, XNAS, 94.39, 50, XADF, 26260, 2.51505e+06, 95.775, 100, 1, 100, 1, 1, 1, 0, 0, 1, 0
1635342030746, 94.39, 100, XNAS, 94.75, 100, XNAS, 94.57, 24, XADF, 26284, 2.51732e+06, 95.7739, 100, 1, 100, 1, 1, 1, 1, 0, 0, 0
1635342036022, 94.4, 100, XNAS, 94.75, 100, XNAS, 94.41, 10, XNAS, 26294, 2.51827e+06, 95.7734, 100, 1, 100, 1, 1, 0, 0, 0, 1, 0
1635342073212, 94.41, 100, XNAS, 95.02, 100, EPRL, 94.48, 100, IEXG, 26394, 2.52771e+06, 95.7685, 200, 2, 100, 1, 0, 1, 0, 0, 1, 0
1635342084211, 94.41, 100, IEXG, 95.38, 100, XNYS, 94.5533, 1, XADF, 26395, 2.52781e+06, 95.7685, 400, 4, 100, 1, 1, 1, 0, 0, 1, 0
1635342084507, 94.41, 100, IEXG, 95.37, 100, XNAS, 94.79, 2, XADF, 26397, 2.528e+06, 95.7684, 400, 4, 100, 1, 1, 1, 0, 0, 1, 0
1635342092965, 94.41, 100, EPRL, 95.43, 100, BATS, 94.92, 100, XADF, 26497, 2.53749e+06, 95.7652, 200, 2, 100, 1, 0, 1, 1, 0, 0, 0
1635342094029, 94.41, 100, EPRL, 95.36, 100, EPRL, 94.5, 20, XADF, 26517, 2.53938e+06, 95.7643, 200, 2, 100, 1, 1, 1, 0, 0, 1, 0
1635342100856, 94.41, 100, XNAS, 95.36, 100, EPRL, 94.885, 1, XADF, 26518, 2.53948e+06, 95.7642, 200, 2, 100, 1, 1, 1, 1, 0, 0, 0
1635342128573, 94.46, 100, XNAS, 95.36, 100, EPRL, 94.72, 2, EDGX, 26520, 2.53967e+06, 95.7641, 200, 2, 200, 2, 1, 0, 0, 0, 1, 0
1635342128575, 94.46, 100, XNAS, 95.35, 200, XCHI, 94.75, 13, XADF, 26533, 2.5409e+06, 95.7636, 200, 2, 300, 2, 1, 1, 0, 0, 1, 0
1635342133303, 94.46, 200, XNAS, 95.36, 100, MEMX, 94.74, 1, XNAS, 26534, 2.54099e+06, 95.7636, 300, 2, 200, 2, 1, 0, 0, 0, 1, 0
1635342148928, 94.91, 100, XNAS, 95.36, 100, MEMX, 94.93, 67, XNAS, 26601, 2.54735e+06, 95.7615, 100, 1, 100, 1, 1, 0, 0, 0, 1, 0
1635342148928, 94.91, 100, XNAS, 95.36, 100, MEMX, 94.91, 33, IEXG, 26634, 2.55048e+06, 95.7605, 100, 1, 100, 1, 1, 0, 0, 0, 1, 0
1635342149003, 94.9, 200, XNAS, 95.36, 100, MEMX, 94.91, 100, XNAS, 26734, 2.55997e+06, 95.7573, 200, 1, 100, 1, 0, 1, 0, 0, 1, 0
1635342149003, 94.9, 200, XNAS, 95.36, 100, MEMX, 94.9, 48, XNAS, 26782, 2.56453e+06, 95.7557, 200, 1, 100, 1, 1, 0, 0, 0, 1, 0
1635342149003, 94.9, 200, XNAS, 95.36, 100, MEMX, 94.9, 3, XNAS, 26785, 2.56481e+06, 95.7556, 200, 1, 100, 1, 1, 0, 0, 0, 1, 0
1635342149003, 94.9, 200, XNAS, 95.36, 100, MEMX, 94.9, 141, XNAS, 26926, 2.5782e+06, 95.7512, 200, 1, 100, 1, 0, 0, 0, 0, 1, 0
1635342149003, 94.71, 100, EPRL, 95.36, 100, MEMX, 94.9, 85, XNAS, 27011, 2.58626e+06, 95.7485, 100, 1, 100, 1, 1, 0, 0, 0, 1, 0
1635342150383, 94.48, 100, XNAS, 95.36, 100, MEMX, 94.95, 1, XNAS, 27012, 2.58636e+06, 95.7484, 200, 2, 200, 2, 1, 0, 0, 1, 0, 0
1635342150387, 94.49, 200, XCHI, 95.36, 100, MEMX, 94.95, 24, XADF, 27036, 2.58864e+06, 95.7477, 300, 2, 300, 3, 1, 1, 0, 1, 0, 0
1635342150925, 94.48, 100, EPRL, 95.36, 100, MEMX, 94.62, 100, XADF, 27136, 2.5981e+06, 95.7436, 200, 2, 200, 2, 0, 1, 0, 0, 1, 0
1635342161021, 94.5, 100, XNAS, 95.35, 100, EPRL, 94.9255, 200, XADF, 27336, 2.61708e+06, 95.7376, 200, 2, 100, 1, 0, 1, 0, 1, 0, 0
1635342184821, 94.52, 100, XNAS, 95.35, 100, EPRL, 94.68, 1, XNAS, 27337, 2.61718e+06, 95.7376, 200, 2, 100, 1, 1, 0, 0, 0, 1, 0
1635342184821, 94.52, 100, XNAS, 95.35, 100, EPRL, 94.97, 3, XNAS, 27340, 2.61746e+06, 95.7375, 200, 2, 100, 1, 1, 0, 0, 1, 0, 0
1635342184821, 94.52, 100, XNAS, 95.35, 100, EPRL, 94.97, 3, XNAS, 27343, 2.61775e+06, 95.7374, 200, 2, 100, 1, 1, 0, 0, 1, 0, 0
1635342184821, 94.52, 100, XNAS, 95.35, 100, EPRL, 94.97, 3, XNAS, 27346, 2.61803e+06, 95.7373, 200, 2, 100, 1, 1, 0, 0, 1, 0, 0
1635342184821, 94.52, 100, XNAS, 95.35, 100, EPRL, 94.97, 3, XNAS, 27349, 2.61832e+06, 95.7372, 200, 2, 100, 1, 1, 0, 0, 1, 0, 0
1635342184821, 94.52, 100, XNAS, 95.35, 100, EPRL, 94.97, 3, XNAS, 27352, 2.6186e+06, 95.7371, 200, 2, 100, 1, 1, 0, 0, 1, 0, 0
1635342184821, 94.52, 100, XNAS, 95.35, 100, EPRL, 94.97, 3, XNAS, 27355, 2.61889e+06, 95.7371, 200, 2, 100, 1, 1, 0, 0, 1, 0, 0
1635342184821, 94.52, 100, XNAS, 95.35, 100, EPRL, 94.97, 3, XNAS, 27358, 2.61917e+06, 95.737, 200, 2, 100, 1, 1, 0, 0, 1, 0, 0
1635342184821, 94.52, 100, XNAS, 95.35, 100, EPRL, 94.97, 3, XNAS, 27361, 2.61946e+06, 95.7369, 200, 2, 100, 1, 1, 0, 0, 1, 0, 0
1635342184821, 94.52, 100, XNAS, 95.35, 100, EPRL, 94.97, 3, XNAS, 27364, 2.61974e+06, 95.7368, 200, 2, 100, 1, 1, 0, 0, 1, 0, 0
1635342184821, 94.52, 100, XNAS, 95.35, 100, EPRL, 94.97, 3, XNAS, 27367, 2.62003e+06, 95.7367, 200, 2, 100, 1, 1, 0, 0, 1, 0, 0
1635342184821, 94.52, 100, XNAS, 95.35, 100, EPRL, 94.97, 3, XNAS, 27370, 2.62031e+06, 95.7366, 200, 2, 100, 1, 1, 0, 0, 1, 0, 0
1635342184821, 94.52, 100, XNAS, 95.35, 100, EPRL, 94.97, 3, XNAS, 27373, 2.6206e+06, 95.7366, 200, 2, 100, 1, 1, 0, 0, 1, 0, 0
1635342184821, 94.52, 100, XNAS, 95.35, 100, EPRL, 94.97, 3, XNAS, 27376, 2.62088e+06, 95.7365, 200, 2, 100, 1, 1, 0, 0, 1, 0, 0
1635342184911, 94.52, 100, XNAS, 95.35, 100, EPRL, 94.57, 1, XNAS, 27377, 2.62098e+06, 95.7364, 200, 2, 100, 1, 1, 0, 0, 0, 1, 0
1635342206475, 94.56, 100, XNAS, 95.35, 100, EPRL, 94.56, 20, XADF, 27397, 2.62287e+06, 95.7356, 200, 2, 100, 1, 1, 1, 0, 0, 1, 0
1635342220023, 94.6, 100, XNAS, 95.35, 100, EPRL, 94.87, 69, IEXG, 27466, 2.62941e+06, 95.7334, 200, 2, 100, 1, 1, 0, 0, 0, 1, 0
1635342220025, 94.6, 100, EPRL, 95.35, 100, EPRL, 94.68, 100, XNAS, 27566, 2.63888e+06, 95.7296, 200, 2, 100, 1, 0, 1, 0, 0, 1, 0
1635342220025, 94.6, 100, XNAS, 95.34, 200, XCHI, 94.64, 100, XADF, 27666, 2.64835e+06, 95.7256, 100, 1, 200, 1, 0, 1, 0, 0, 1, 0
1635342220326, 94.6, 100, EPRL, 95.34, 100, EPRL, 94.68, 100, XNAS, 27766, 2.65781e+06, 95.7219, 200, 2, 100, 1, 0, 1, 0, 0, 1, 0
1635342220626, 94.6, 100, XNAS, 95.34, 100, EPRL, 94.68, 31, XNAS, 27797, 2.66075e+06, 95.7207, 200, 2, 100, 1, 1, 0, 0, 0, 1, 0
1635342226108, 94.6, 100, EPRL, 95.33, 100, EPRL, 94.65, 1, XNAS, 27798, 2.66084e+06, 95.7207, 200, 2, 100, 1, 1, 0, 0, 0, 1, 0
1635342226191, 94.6, 100, XNAS, 95.32, 100, EPRL, 94.65, 1, XNAS, 27799, 2.66094e+06, 95.7206, 200, 2, 100, 1, 1, 0, 0, 0, 1, 0
1635342243021, 94.62, 100, XNAS, 95.32, 100, EPRL, 94.67, 100, XADF, 27899, 2.6704e+06, 95.7169, 100, 1, 100, 1, 0, 1, 0, 0, 1, 0
1635342269968, 94.7, 100, XNAS, 95.32, 100, EPRL, 94.75, 1, XNAS, 27900, 2.6705e+06, 95.7168, 100, 1, 100, 1, 1, 0, 0, 0, 1, 0
1635342270050, 94.7, 100, XNAS, 95.32, 100, EPRL, 94.75, 1, XNAS, 27901, 2.67059e+06, 95.7168, 100, 1, 100, 1, 1, 0, 0, 0, 1, 0
1635342281058, 94.69, 100, XNAS, 95, 200, XNAS, 94.91, 12, XADF, 27913, 2.67173e+06, 95.7164, 100, 1, 200, 1, 1, 1, 0, 1, 0, 0
1635342281064, 94.69, 100, XNAS, 95, 200, XNAS, 94.6901, 1, XADF, 27914, 2.67183e+06, 95.7164, 100, 1, 200, 1, 1, 1, 0, 0, 1, 0
1635342284948, 94.55, 200, BATS, 95, 200, XNAS, 94.69, 5, XNAS, 27919, 2.6723e+06, 95.7162, 200, 1, 200, 1, 1, 0, 0, 0, 1, 0
1635342304214, 94.71, 100, XNAS, 95, 200, XNAS, 94.7526, 30, XADF, 27949, 2.67514e+06, 95.7152, 100, 1, 200, 1, 1, 1, 0, 0, 1, 0
1635342305899, 94.5, 200, BATS, 95, 200, XNAS, 94.71, 2, XNAS, 27951, 2.67533e+06, 95.7151, 200, 1, 200, 1, 1, 0, 0, 0, 1, 0
1635342321603, 94.73, 100, XNAS, 95, 200, XNAS, 94.83, 9, EDGX, 27960, 2.67619e+06, 95.7148, 100, 1, 200, 1, 1, 0, 0, 0, 1, 0
1635342321605, 94.73, 100, XNAS, 95, 200, XNAS, 94.91, 91, XADF, 28051, 2.68482e+06, 95.7122, 100, 1, 200, 1, 1, 1, 0, 1, 0, 0
1635342322284, 94.73, 100, XNAS, 95, 200, XNAS, 94.75, 1, XNAS, 28052, 2.68492e+06, 95.7122, 100, 1, 200, 1, 1, 0, 0, 0, 1, 0
1635342334945, 94.74, 100, XNAS, 95, 200, XNAS, 94.98, 7, XNAS, 28059, 2.68558e+06, 95.712, 100, 1, 200, 1, 1, 0, 0, 1, 0, 0
1635342334945, 94.74, 100, XNAS, 95, 200, XNAS, 94.98, 38, XNAS, 28097, 2.68919e+06, 95.711, 100, 1, 200, 1, 1, 0, 0, 1, 0, 0
1635342334945, 94.74, 100, XNAS, 95, 100, XNAS, 95, 84, XNAS, 28181, 2.69717e+06, 95.7089, 100, 1, 100, 1, 1, 0, 0, 1, 0, 0
1635342334945, 94.75, 100, XNAS, 95, 100, XNAS, 94.89, 55, MEMX, 28236, 2.70239e+06, 95.7073, 100, 1, 100, 1, 1, 0, 0, 1, 0, 0
1635342334945, 94.75, 100, XNAS, 95, 100, XNAS, 94.91, 1, MEMX, 28237, 2.70249e+06, 95.7073, 100, 1, 100, 1, 1, 0, 0, 1, 0, 0
1635342334945, 94.75, 100, XNAS, 95, 100, XNAS, 94.91, 54, MEMX, 28291, 2.70761e+06, 95.7057, 100, 1, 100, 1, 1, 0, 0, 1, 0, 0
1635342335321, 94.76, 100, XNAS, 95.32, 100, EPRL, 95, 194, XNAS, 28485, 2.72604e+06, 95.7009, 100, 1, 100, 1, 0, 1, 0, 0, 1, 0
1635342335321, 94.76, 100, XNAS, 95.32, 100, EPRL, 95, 2, XNAS, 28487, 2.72623e+06, 95.7009, 100, 1, 100, 1, 1, 0, 0, 0, 1, 0
1635342335322, 94.77, 200, XNAS, 95.32, 100, EPRL, 95, 52, BATS, 28539, 2.73117e+06, 95.6996, 200, 1, 100, 1, 1, 0, 0, 0, 1, 0
1635342335715, 94.78, 100, XNAS, 95.64, 100, BATS, 95.07, 10, ARCX, 28549, 2.73212e+06, 95.6994, 100, 1, 100, 1, 1, 0, 0, 0, 1, 0
1635342340077, 94.78, 100, XNAS, 95.64, 100, BATS, 94.94, 1, XNAS, 28550, 2.73222e+06, 95.6994, 300, 3, 100, 1, 1, 0, 0, 0, 1, 0
1635342349965, 94.8, 200, XNAS, 95.64, 100, BATS, 95.31, 1, XADF, 28551, 2.73231e+06, 95.6994, 400, 3, 100, 1, 1, 1, 0, 1, 0, 0
1635342359380, 95.01, 100, EPRL, 95.81, 100, BATS, 95.04, 1, XNAS, 28552, 2.73241e+06, 95.6993, 200, 2, 100, 1, 1, 0, 0, 0, 1, 0
1635342379238, 95.04, 100, EPRL, 95.96, 100, BATS, 95.07, 1, XNAS, 28553, 2.7325e+06, 95.6993, 100, 1, 100, 1, 1, 0, 0, 0, 1, 0
1635342379323, 95.04, 100, EPRL, 95.96, 100, BATS, 95.07, 1, XNAS, 28554, 2.7326e+06, 95.6993, 100, 1, 100, 1, 1, 0, 0, 0, 1, 0
1635342422274, 95.18, 100, EPRL, 96, 100, XNAS, 95.18, 1, XADF, 28555, 2.73269e+06, 95.6993, 100, 1, 100, 1, 1, 1, 0, 0, 1, 0
1635342422605, 95.18, 100, EPRL, 96, 100, XNAS, 95.23, 1, XNAS, 28556, 2.73279e+06, 95.6993, 200, 2, 100, 1, 1, 0, 0, 0, 1, 0
1635342422674, 95.18, 100, EPRL, 96, 100, XNAS, 95.23, 1, XNAS, 28557, 2.73288e+06, 95.6992, 200, 2, 100, 1, 1, 0, 0, 0, 1, 0
1635342423059, 95.18, 100, EPRL, 96, 100, XNAS, 95.2956, 200, XADF, 28757, 2.75194e+06, 95.6964, 200, 2, 100, 1, 0, 1, 0, 0, 1, 0
1635342440472, 95.01, 100, XNAS, 95.99, 200, XNAS, 95.5, 105, XADF, 28862, 2.76197e+06, 95.6957, 100, 1, 200, 1, 0, 1, 1, 0, 0, 0
1635342462230, 95.01, 100, XNAS, 95.84, 100, XNAS, 95.08, 2, XNAS, 28864, 2.76216e+06, 95.6957, 200, 2, 200, 2, 1, 0, 0, 0, 1, 0
1635342462318, 95.01, 100, XNAS, 95.84, 100, XNAS, 95.08, 1, XNAS, 28865, 2.76225e+06, 95.6957, 200, 2, 200, 2, 1, 0, 0, 0, 1, 0
1635342499923, 95.01, 100, EPRL, 95.83, 100, EPRL, 95.08, 1, XNAS, 28866, 2.76235e+06, 95.6956, 200, 2, 100, 1, 1, 0, 0, 0, 1, 0
1635342511847, 95.01, 100, EPRL, 95.83, 100, EPRL, 95.42, 100, XADF, 28966, 2.77189e+06, 95.6947, 200, 2, 100, 1, 0, 1, 1, 0, 0, 0
1635342524153, 95.01, 100, XNAS, 95.82, 100, XNAS, 95.08, 1, XNAS, 28967, 2.77199e+06, 95.6947, 200, 2, 200, 2, 1, 0, 0, 0, 1, 0
1635342546990, 95.01, 100, EPRL, 95.81, 100, EPRL, 95.08, 1, XNAS, 28968, 2.77208e+06, 95.6946, 200, 2, 200, 2, 1, 0, 0, 0, 1, 0
1635342548998, 95.01, 100, XNAS, 95.8, 100, EPRL, 95.405, 33, XADF, 29001, 2.77523e+06, 95.6943, 200, 2, 100, 1, 1, 1, 1, 0, 0, 0
1635342556750, 95.03, 100, XNAS, 95.79, 100, XNAS, 95.03, 3, XADF, 29004, 2.77552e+06, 95.6942, 200, 2, 200, 2, 1, 1, 0, 0, 1, 0
1635342566012, 95.03, 100, EPRL, 95.78, 100, EPRL, 95.78, 1, XADF, 29005, 2.77561e+06, 95.6942, 200, 2, 200, 2, 1, 1, 0, 1, 0, 0
1635342577854, 95.03, 100, XNAS, 95.78, 100, XNAS, 95.08, 1, XNAS, 29006, 2.77571e+06, 95.6942, 200, 2, 200, 2, 1, 0, 0, 0, 1, 0
1635342587566, 95.03, 100, XNAS, 95.74, 100, EPRL, 95.42, 10, XADF, 29016, 2.77666e+06, 95.6941, 100, 1, 200, 2, 1, 1, 0, 1, 0, 0
1635342593618, 95.03, 100, XNAS, 95.74, 100, XNAS, 95.08, 12, XNAS, 29028, 2.7778e+06, 95.6939, 100, 1, 200, 2, 1, 0, 0, 0, 1, 0
1635342596503, 95.03, 100, XNAS, 95.74, 100, XNAS, 95.08, 1, XNAS, 29029, 2.7779e+06, 95.6939, 100, 1, 200, 2, 1, 0, 0, 0, 1, 0
1635342603601, 95.03, 100, XNAS, 95.74, 100, XNAS, 95.1311, 50, XADF, 29079, 2.78265e+06, 95.6929, 100, 1, 200, 2, 1, 1, 0, 0, 1, 0
1635342615204, 95.03, 100, XNAS, 95.74, 100, XNAS, 95.08, 1, XNAS, 29080, 2.78275e+06, 95.6929, 100, 1, 300, 3, 1, 0, 0, 0, 1, 0
1635342636086, 95.03, 100, XNAS, 95.74, 100, XNAS, 95.385, 3, XNAS, 29083, 2.78303e+06, 95.6928, 100, 1, 300, 3, 1, 0, 1, 0, 0, 0
1635342648964, 95.03, 100, XNAS, 95.74, 100, ARCX, 95.03, 1, XADF, 29084, 2.78313e+06, 95.6928, 100, 1, 200, 2, 1, 1, 0, 0, 1, 0
1635342654820, 95.03, 100, XNAS, 95.74, 100, ARCX, 95.08, 1, XNAS, 29085, 2.78322e+06, 95.6928, 100, 1, 200, 2, 1, 0, 0, 0, 1, 0
1635342662110, 95.03, 100, XNAS, 95.74, 100, ARCX, 95.08, 1, XNAS, 29086, 2.78332e+06, 95.6928, 100, 1, 200, 2, 1, 0, 0, 0, 1, 0
1635342678030, 95.03, 100, XNAS, 95.74, 100, ARCX, 95.08, 1, XNAS, 29087, 2.78341e+06, 95.6927, 100, 1, 200, 2, 1, 0, 0, 0, 1, 0
1635342690128, 95.03, 100, XNAS, 95.73, 100, IEXG, 95.31, 25, XADF, 29112, 2.7858e+06, 95.6924, 100, 1, 200, 2, 1, 1, 0, 0, 1, 0
1635342700779, 95.03, 100, XNAS, 95.73, 100, IEXG, 95.08, 1, XNAS, 29113, 2.78589e+06, 95.6924, 100, 1, 200, 2, 1, 0, 0, 0, 1, 0
1635342702979, 95.03, 100, XNAS, 95.73, 100, IEXG, 95.03, 1, BATS, 29114, 2.78599e+06, 95.6924, 100, 1, 200, 2, 1, 0, 0, 0, 1, 0
1635342713301, 95.03, 100, XNAS, 95.73, 100, IEXG, 95.47, 1, XNAS, 29115, 2.78608e+06, 95.6924, 100, 1, 200, 2, 1, 0, 0, 1, 0, 0
1635342734474, 95.03, 100, XNAS, 95.72, 100, XNAS, 95.08, 1, XNAS, 29116, 2.78618e+06, 95.6923, 100, 1, 200, 2, 1, 0, 0, 0, 1, 0
1635342741115, 95.03, 100, XNAS, 95.72, 100, XNYS, 95.375, 31, XADF, 29147, 2.78913e+06, 95.692, 100, 1, 100, 1, 1, 1, 1, 0, 0, 0
1635342752122, 95.03, 100, XNAS, 95.72, 100, XNYS, 95.08, 1, XNAS, 29148, 2.78923e+06, 95.692, 100, 1, 100, 1, 1, 0, 0, 0, 1, 0
1635342752862, 95.03, 100, XNAS, 95.72, 100, XNYS, 95.08, 1, XNAS, 29149, 2.78933e+06, 95.692, 100, 1, 100, 1, 1, 0, 0, 0, 1, 0
1635342771199, 95.03, 100, XNAS, 95.72, 100, XNYS, 95.08, 1, XNAS, 29150, 2.78942e+06, 95.6919, 100, 1, 100, 1, 1, 0, 0, 0, 1, 0
1635342774092, 95.03, 100, XNAS, 95.72, 100, XNYS, 95.1, 45, XADF, 29195, 2.7937e+06, 95.691, 100, 1, 100, 1, 1, 1, 0, 0, 1, 0
1635342804278, 95.03, 100, XNAS, 95.72, 100, XNYS, 95.08, 1, XNAS, 29196, 2.79379e+06, 95.691, 100, 1, 100, 1, 1, 0, 0, 0, 1, 0
1635342812658, 95.03, 100, XNAS, 95.72, 100, XNYS, 95.08, 1, XNAS, 29197, 2.79389e+06, 95.691, 100, 1, 200, 2, 1, 0, 0, 0, 1, 0
1635342812729, 95.03, 100, XNAS, 95.71, 100, XNAS, 95.08, 1, XNAS, 29198, 2.79398e+06, 95.691, 100, 1, 100, 1, 1, 0, 0, 0, 1, 0
1635342831961, 95, 100, XNAS, 95.71, 100, EDGX, 95.07, 1, XNAS, 29199, 2.79408e+06, 95.6909, 100, 1, 200, 2, 1, 0, 0, 0, 1, 0
1635342843670, 95.01, 100, XNAS, 95.71, 100, EDGX, 95.42, 1, EDGX, 29200, 2.79418e+06, 95.6909, 100, 1, 200, 2, 1, 0, 0, 1, 0, 0
1635342843672, 95.01, 100, XNAS, 95.71, 100, EDGX, 95.42, 5, XADF, 29205, 2.79465e+06, 95.6909, 100, 1, 200, 2, 1, 1, 0, 1, 0, 0
1635342850029, 95.01, 100, XNAS, 95.71, 100, EDGX, 95.07, 1, XNAS, 29206, 2.79475e+06, 95.6909, 100, 1, 200, 2, 1, 0, 0, 0, 1, 0
1635342850094, 95.01, 100, XNAS, 95.71, 100, EDGX, 95.07, 1, XNAS, 29207, 2.79484e+06, 95.6908, 100, 1, 200, 2, 1, 0, 0, 0, 1, 0
1635342852446, 95.01, 100, XNAS, 95.71, 100, EDGX, 95.07, 1, XNAS, 29208, 2.79494e+06, 95.6908, 100, 1, 200, 2, 1, 0, 0, 0, 1, 0
1635342893310, 95.01, 100, XNAS, 95.7, 100, IEXG, 95.07, 2, XNAS, 29210, 2.79513e+06, 95.6908, 100, 1, 200, 2, 1, 0, 0, 0, 1, 0
1635342893385, 95.01, 100, XNAS, 95.68, 100, XNAS, 95.07, 1, XNAS, 29211, 2.79522e+06, 95.6908, 100, 1, 100, 1, 1, 0, 0, 0, 1, 0
1635342905618, 95.01, 100, XNAS, 95.68, 100, XNAS, 95.07, 1, XNAS, 29212, 2.79532e+06, 95.6907, 100, 1, 200, 2, 1, 0, 0, 0, 1, 0
1635342913093, 95.01, 100, XNAS, 95.67, 200, XNAS, 95.07, 1, XNAS, 29213, 2.79541e+06, 95.6907, 100, 1, 300, 2, 1, 0, 0, 0, 1, 0
1635342913158, 95.01, 100, XNAS, 95.65, 300, XNAS, 95.07, 1, XNAS, 29214, 2.79551e+06, 95.6907, 100, 1, 300, 1, 1, 0, 0, 0, 1, 0
1635342933313, 95.06, 100, XNAS, 95.65, 200, XNAS, 95.07, 1, XNAS, 29215, 2.7956e+06, 95.6907, 100, 1, 300, 2, 1, 0, 0, 0, 1, 0
1635342933378, 95.06, 100, XNAS, 95.63, 200, XNAS, 95.06, 1, XNAS, 29216, 2.7957e+06, 95.6907, 100, 1, 200, 1, 1, 0, 0, 0, 1, 0
1635342933378, 95.06, 100, XNAS, 95.63, 200, XNAS, 95.06, 1, XNAS, 29217, 2.79579e+06, 95.6906, 100, 1, 200, 1, 1, 0, 0, 0, 1, 0
1635342934323, 95.06, 100, XNAS, 95.61, 300, XNAS, 95.2179, 100, XADF, 29217, 2.79579e+06, 95.6906, 100, 1, 300, 1, 0, 1, 0, 0, 1, 0
1635342936938, 95.05, 100, XNAS, 95.61, 300, XNAS, 95.06, 58, XNAS, 29275, 2.80131e+06, 95.6894, 100, 1, 400, 2, 1, 0, 0, 0, 1, 0
1635342936938, 95.05, 100, XNAS, 95.61, 300, XNAS, 95.06, 2, BATS, 29277, 2.8015e+06, 95.6893, 100, 1, 400, 2, 1, 0, 0, 0, 1, 0
1635342936938, 95.05, 100, XNAS, 95.61, 300, XNAS, 95.06, 40, XNYS, 29317, 2.8053e+06, 95.6885, 100, 1, 400, 2, 1, 0, 0, 0, 1, 0
1635342936938, 95.05, 100, XNAS, 95.61, 300, XNAS, 95.06, 7, XNAS, 29324, 2.80596e+06, 95.6883, 100, 1, 400, 2, 1, 0, 0, 0, 1, 0
1635342951055, 95.05, 100, XNAS, 95.59, 200, XNAS, 95.06, 1, XNAS, 29325, 2.80606e+06, 95.6883, 100, 1, 300, 2, 1, 0, 0, 0, 1, 0
1635342951055, 95.05, 100, XNAS, 95.58, 100, XNAS, 95.06, 32, XNAS, 29357, 2.8091e+06, 95.6876, 100, 1, 100, 1, 1, 0, 0, 0, 1, 0
1635342951055, 95.05, 100, XNAS, 95.58, 100, XNAS, 95.06, 2, XNAS, 29359, 2.80929e+06, 95.6876, 100, 1, 100, 1, 1, 0, 0, 0, 1, 0
1635342951055, 95.05, 100, XNAS, 95.47, 100, XPSX, 95.05, 100, XNAS, 29459, 2.8188e+06, 95.6854, 100, 1, 100, 1, 0, 0, 0, 0, 1, 0
1635342951055, 95, 100, XNAS, 95.47, 200, XPSX, 95.05, 2, XNAS, 29461, 2.81899e+06, 95.6854, 100, 1, 200, 1, 1, 0, 0, 0, 1, 0
1635342951056, 95, 100, XNAS, 95.47, 400, XPSX, 95.02, 1, XNAS, 29462, 2.81908e+06, 95.6854, 100, 1, 400, 1, 1, 0, 0, 0, 1, 0
1635342951056, 94.54, 100, BATS, 95.47, 400, XPSX, 95, 99, XNAS, 29561, 2.82849e+06, 95.6831, 100, 1, 400, 1, 1, 0, 0, 0, 1, 0
1635342951056, 94.54, 100, BATS, 95.33, 100, XNAS, 95.03, 7, XCIS, 29598, 2.832e+06, 95.6822, 100, 1, 100, 1, 1, 0, 0, 1, 0, 0
1635342951056, 94.54, 100, BATS, 95.33, 100, XNAS, 95, 1, XNAS, 29599, 2.8321e+06, 95.6822, 100, 1, 100, 1, 1, 0, 0, 1, 0, 0
1635342951056, 94.54, 100, BATS, 95.33, 100, XNAS, 95.05, 10, IEXG, 29609, 2.83305e+06, 95.682, 100, 1, 100, 1, 1, 0, 0, 1, 0, 0
1635342951056, 94.54, 100, BATS, 95.33, 100, XNAS, 95.03, 47, XCIS, 29656, 2.83751e+06, 95.681, 100, 1, 100, 1, 1, 0, 0, 1, 0, 0
1635342951144, 94.54, 200, XNAS, 95.31, 200, XNAS, 94.89, 1, XNAS, 29657, 2.83761e+06, 95.6809, 200, 1, 200, 1, 1, 0, 0, 0, 1, 0
1635342951144, 94.54, 200, XNAS, 95.31, 200, XNAS, 94.89, 1, XNAS, 29658, 2.8377e+06, 95.6809, 200, 1, 200, 1, 1, 0, 0, 0, 1, 0
1635342951144, 94.54, 200, XNAS, 95.3, 100, XNAS, 94.89, 43, XNAS, 29701, 2.84178e+06, 95.6798, 200, 1, 100, 1, 1, 0, 0, 0, 1, 0
1635342951151, 94.54, 100, XNAS, 95.09, 100, XNAS, 94.55, 100, XNAS, 29801, 2.85124e+06, 95.676, 100, 1, 100, 1, 0, 1, 0, 0, 1, 0
1635342951151, 94.54, 100, XNAS, 95.09, 100, XNAS, 94.54, 64, XNAS, 29865, 2.85729e+06, 95.6735, 100, 1, 100, 1, 1, 0, 0, 0, 1, 0
1635342954791, 94.54, 100, XNAS, 95.09, 200, XNAS, 94.54, 1, XNAS, 29866, 2.85739e+06, 95.6735, 100, 1, 300, 2, 1, 0, 0, 0, 1, 0
1635342964421, 94.51, 100, XNAS, 95, 100, XNAS, 94.51, 50, XADF, 29916, 2.86211e+06, 95.6716, 100, 1, 100, 1, 1, 1, 0, 0, 1, 0
1635342964652, 94.51, 100, XNAS, 94.98, 100, XNAS, 94.745, 50, XADF, 29966, 2.86685e+06, 95.67, 100, 1, 100, 1, 1, 1, 1, 0, 0, 0
1635342972447, 94.51, 100, XNAS, 94.98, 100, XNAS, 94.55, 2, XNAS, 29968, 2.86704e+06, 95.6699, 100, 1, 200, 2, 1, 0, 0, 0, 1, 0
1635342973113, 94.51, 100, XNAS, 94.95, 200, XNAS, 94.5838, 100, XADF, 30068, 2.8765e+06, 95.6663, 100, 1, 200, 1, 0, 1, 0, 0, 1, 0
1635342973660, 94.51, 100, XNAS, 94.93, 200, XNAS, 94.51, 2, XADF, 30070, 2.87668e+06, 95.6663, 100, 1, 200, 1, 1, 1, 0, 0, 1, 0
1635342982502, 94.51, 100, XNAS, 94.71, 100, MEMX, 94.71, 33, XNAS, 30103, 2.87981e+06, 95.6652, 100, 1, 100, 1, 1, 0, 0, 1, 0, 0
1635342982502, 94.51, 100, XNAS, 94.71, 100, MEMX, 94.71, 67, XNAS, 30170, 2.88616e+06, 95.6631, 100, 1, 100, 1, 1, 0, 0, 1, 0, 0
1635342982502, 94.51, 100, XNAS, 94.71, 100, MEMX, 94.69, 45, XNAS, 30215, 2.89042e+06, 95.6616, 100, 1, 100, 1, 1, 0, 0, 1, 0, 0
1635342982503, 94.51, 100, XNAS, 94.71, 100, MEMX, 94.69, 2, MEMX, 30217, 2.89061e+06, 95.6616, 100, 1, 100, 1, 1, 0, 0, 1, 0, 0
1635342982503, 94.51, 100, XNAS, 94.71, 100, MEMX, 94.69, 3, MEMX, 30220, 2.89089e+06, 95.6615, 100, 1, 100, 1, 1, 0, 0, 1, 0, 0
1635342982503, 94.51, 100, XNAS, 94.71, 100, MEMX, 94.69, 3, MEMX, 30223, 2.89117e+06, 95.6614, 100, 1, 100, 1, 1, 0, 0, 1, 0, 0
1635342982503, 94.51, 100, XNAS, 94.71, 100, MEMX, 94.69, 3, MEMX, 30226, 2.89146e+06, 95.6613, 100, 1, 100, 1, 1, 0, 0, 1, 0, 0
1635342982503, 94.51, 100, XNAS, 94.71, 100, MEMX, 94.69, 3, MEMX, 30229, 2.89174e+06, 95.6612, 100, 1, 100, 1, 1, 0, 0, 1, 0, 0
1635342982503, 94.51, 100, XNAS, 94.71, 100, MEMX, 94.69, 3, MEMX, 30232, 2.89203e+06, 95.6611, 100, 1, 100, 1, 1, 0, 0, 1, 0, 0
1635342982503, 94.51, 100, XNAS, 94.71, 100, MEMX, 94.69, 3, MEMX, 30235, 2.89231e+06, 95.661, 100, 1, 100, 1, 1, 0, 0, 1, 0, 0
1635342982503, 94.51, 100, XNAS, 94.71, 100, MEMX, 94.69, 1, MEMX, 30236, 2.8924e+06, 95.661, 100, 1, 100, 1, 1, 0, 0, 1, 0, 0
1635342982503, 94.51, 100, XNAS, 94.71, 100, MEMX, 94.69, 6, MEMX, 30242, 2.89297e+06, 95.6608, 100, 1, 100, 1, 1, 0, 0, 1, 0, 0
1635342982503, 94.51, 100, XNAS, 94.71, 100, MEMX, 94.69, 2, MEMX, 30244, 2.89316e+06, 95.6607, 100, 1, 100, 1, 1, 0, 0, 1, 0, 0
1635342982503, 94.51, 100, XNAS, 94.71, 100, MEMX, 94.69, 3, MEMX, 30247, 2.89345e+06, 95.6606, 100, 1, 100, 1, 1, 0, 0, 1, 0, 0
1635342982503, 94.51, 100, XNAS, 94.71, 100, MEMX, 94.69, 1, MEMX, 30248, 2.89354e+06, 95.6606, 100, 1, 100, 1, 1, 0, 0, 1, 0, 0
1635342982503, 94.51, 100, XNAS, 94.71, 100, MEMX, 94.69, 2, MEMX, 30250, 2.89373e+06, 95.6605, 100, 1, 100, 1, 1, 0, 0, 1, 0, 0
1635342982503, 94.51, 100, XNAS, 94.71, 100, MEMX, 94.69, 2, MEMX, 30252, 2.89392e+06, 95.6604, 100, 1, 100, 1, 1, 0, 0, 1, 0, 0
1635342982503, 94.51, 100, XNAS, 94.71, 100, MEMX, 94.69, 2, MEMX, 30254, 2.89411e+06, 95.6604, 100, 1, 100, 1, 1, 0, 0, 1, 0, 0
1635342982503, 94.51, 100, XNAS, 94.71, 100, MEMX, 94.69, 1, MEMX, 30255, 2.8942e+06, 95.6604, 100, 1, 100, 1, 1, 0, 0, 1, 0, 0
1635342982503, 94.51, 100, XNAS, 94.71, 100, MEMX, 94.69, 4, MEMX, 30259, 2.89458e+06, 95.6602, 100, 1, 100, 1, 1, 0, 0, 1, 0, 0
1635342982506, 94.51, 100, XNAS, 94.71, 100, MEMX, 94.61, 100, XADF, 30359, 2.90404e+06, 95.6568, 100, 1, 100, 1, 0, 1, 1, 0, 0, 0
1635342982506, 94.51, 100, XNAS, 94.71, 100, MEMX, 94.71, 22, XNAS, 30381, 2.90613e+06, 95.6561, 100, 1, 100, 1, 1, 0, 0, 1, 0, 0
1635342982506, 94.51, 100, XNAS, 94.71, 100, MEMX, 94.7, 44, XNAS, 30425, 2.91029e+06, 95.6547, 100, 1, 100, 1, 1, 0, 0, 1, 0, 0
1635342982766, 94.51, 100, XNAS, 94.71, 100, MEMX, 94.61, 33, XADF, 30458, 2.91342e+06, 95.6536, 100, 1, 100, 1, 1, 1, 1, 0, 0, 0
1635342987164, 94.51, 100, XNAS, 94.71, 100, MEMX, 94.61, 200, XADF, 30658, 2.93234e+06, 95.6468, 100, 1, 100, 1, 0, 1, 1, 0, 0, 0
1635342987741, 94.51, 100, XNAS, 95.28, 100, XPSX, 94.61, 156, XADF, 30814, 2.9471e+06, 95.6415, 100, 1, 100, 1, 0, 1, 0, 0, 1, 0
1635342988395, 94.51, 100, XNAS, 95.25, 100, XNAS, 94.66, 10, BATS, 30824, 2.94804e+06, 95.6412, 100, 1, 100, 1, 1, 0, 0, 0, 1, 0
1635342988395, 94.51, 100, XNAS, 95.25, 100, XNAS, 94.61, 2, BATS, 30826, 2.94823e+06, 95.6411, 100, 1, 100, 1, 1, 0, 0, 0, 1, 0
1635342989447, 94.52, 100, XNAS, 95.25, 100, XNAS, 94.71, 3, XNAS, 30829, 2.94852e+06, 95.641, 100, 1, 100, 1, 1, 0, 0, 0, 1, 0
1635342989457, 94.63, 100, XNAS, 95.17, 100, XNAS, 94.75, 20, MEMX, 30849, 2.95041e+06, 95.6405, 100, 1, 100, 1, 1, 0, 0, 0, 1, 0
1635342993503, 94.53, 100, XNAS, 95.17, 100, XNAS, 94.85, 30, XADF, 30879, 2.95326e+06, 95.6397, 100, 1, 100, 1, 1, 1, 1, 0, 0, 0
1635342994844, 94.54, 100, XNAS, 95.36, 100, XNAS, 94.54, 1, XADF, 30880, 2.95335e+06, 95.6397, 100, 1, 100, 1, 1, 1, 0, 0, 1, 0
1635343012120, 94.59, 100, XNAS, 95.36, 100, XNAS, 94.63, 3, XNAS, 30883, 2.95364e+06, 95.6396, 100, 1, 100, 1, 1, 0, 0, 0, 1, 0
1635343012193, 94.59, 100, XNAS, 95.36, 100, XNAS, 94.63, 1, XNAS, 30884, 2.95373e+06, 95.6395, 100, 1, 100, 1, 1, 0, 0, 0, 1, 0
1635343047464, 94.65, 100, XNAS, 95.23, 100, XNAS, 94.69, 2, XNAS, 30886, 2.95392e+06, 95.6395, 100, 1, 100, 1, 1, 0, 0, 0, 1, 0
1635343075583, 94.71, 100, XNAS, 95.16, 100, IEXG, 94.76, 1, XNAS, 30887, 2.95402e+06, 95.6394, 100, 1, 100, 1, 1, 0, 0, 0, 1, 0
1635343084383, 94.72, 100, XNAS, 95.16, 100, IEXG, 94.75, 2, XNAS, 30889, 2.9542e+06, 95.6394, 100, 1, 100, 1, 1, 0, 0, 0, 1, 0
1635343093188, 94.76, 100, XNAS, 95.16, 100, IEXG, 94.77, 2, XNAS, 30891, 2.95439e+06, 95.6393, 100, 1, 100, 1, 1, 0, 0, 0, 1, 0
1635343104187, 94.76, 100, XNAS, 95.13, 100, IEXG, 94.77, 2, XNAS, 30893, 2.95458e+06, 95.6393, 100, 1, 100, 1, 1, 0, 0, 0, 1, 0
1635343112981, 94.83, 100, XNAS, 95.36, 100, XNAS, 94.84, 2, XNAS, 30895, 2.95477e+06, 95.6392, 100, 1, 100, 1, 1, 0, 0, 0, 1, 0
1635343117008, 94.85, 100, XNAS, 95.36, 100, XNAS, 95, 3, XNAS, 30898, 2.95506e+06, 95.6391, 100, 1, 100, 1, 1, 0, 0, 0, 1, 0
1635343117009, 94.85, 100, XNAS, 95.36, 100, XNAS, 95, 13, EDGX, 30911, 2.95629e+06, 95.6389, 100, 1, 100, 1, 1, 0, 0, 0, 1, 0
1635343121804, 94.85, 100, XNAS, 95.36, 100, XNAS, 94.86, 2, XNAS, 30913, 2.95648e+06, 95.6388, 100, 1, 200, 2, 1, 0, 0, 0, 1, 0
1635343132781, 94.87, 100, XNAS, 95.36, 100, IEXG, 94.87, 2, XADF, 30915, 2.95667e+06, 95.6388, 100, 1, 200, 2, 1, 1, 0, 0, 1, 0
1635343141573, 94.81, 100, XNAS, 95.36, 100, IEXG, 94.9, 2, BATS, 30917, 2.95686e+06, 95.6387, 100, 1, 200, 2, 1, 0, 0, 0, 1, 0
1635343152573, 94.83, 100, XNAS, 95.28, 100, EDGA, 94.84, 2, XNAS, 30919, 2.95705e+06, 95.6387, 100, 1, 100, 1, 1, 0, 0, 0, 1, 0
1635343161376, 94.85, 100, XNAS, 95.18, 100, BATS, 94.85, 2, XADF, 30921, 2.95724e+06, 95.6386, 100, 1, 200, 2, 1, 1, 0, 0, 1, 0
1635343170178, 94.87, 100, XNAS, 95.18, 100, MEMX, 94.88, 2, XNAS, 30923, 2.95743e+06, 95.6386, 100, 1, 200, 2, 1, 0, 0, 0, 1, 0
1635343181173, 94.89, 100, XNAS, 95.16, 100, BATS, 94.9, 2, XNAS, 30925, 2.95762e+06, 95.6385, 100, 1, 200, 2, 1, 0, 0, 0, 1, 0
1635343182916, 94.89, 100, XNAS, 95.16, 100, IEXG, 95.0138, 45, XADF, 30970, 2.9619e+06, 95.6376, 100, 1, 200, 2, 1, 1, 0, 0, 1, 0
1635343189975, 94.91, 100, XNAS, 95.15, 100, BATS, 94.91, 3, XADF, 30973, 2.96218e+06, 95.6376, 100, 1, 200, 2, 1, 1, 0, 0, 1, 0
1635343192438, 94.9, 100, XNAS, 95.15, 100, EDGX, 94.91, 100, XNAS, 31073, 2.97167e+06, 95.6352, 100, 1, 100, 1, 0, 1, 0, 0, 1, 0
1635343192438, 94.8, 500, XNAS, 95.15, 100, EDGX, 94.9, 100, XNAS, 31173, 2.98116e+06, 95.6329, 500, 1, 100, 1, 0, 1, 0, 0, 1, 0
1635343192438, 94.8, 500, XNAS, 95.15, 100, EDGX, 94.9, 67, XNAS, 31240, 2.98752e+06, 95.6313, 500, 1, 100, 1, 1, 0, 0, 0, 1, 0
1635343207957, 94.93, 100, XNAS, 95.15, 100, EDGX, 95.04, 109, XADF, 31349, 2.99788e+06, 95.6292, 100, 1, 100, 1, 0, 1, 1, 0, 0, 0
1635343209732, 94.95, 100, XNAS, 95.15, 100, EDGX, 95.05, 20, XADF, 31369, 2.99978e+06, 95.6289, 100, 1, 100, 1, 1, 1, 1, 0, 0, 0
1635343221038, 94.95, 100, XNAS, 95.36, 100, XNAS, 95.15, 3, XADF, 31372, 3.00007e+06, 95.6288, 100, 1, 100, 1, 1, 1, 0, 0, 1, 0
1635343239485, 94.97, 100, XNAS, 95.36, 300, XNAS, 95.0191, 17, XADF, 31389, 3.00168e+06, 95.6285, 100, 1, 300, 1, 1, 1, 0, 0, 1, 0
1635343255964, 94.94, 100, XNAS, 95.36, 200, XNAS, 94.9923, 17, XADF, 31406, 3.0033e+06, 95.6281, 100, 1, 200, 1, 1, 1, 0, 0, 1, 0
1635343281779, 94.95, 100, XNAS, 95.28, 100, XNAS, 95.15, 1, XNAS, 31407, 3.00339e+06, 95.6281, 100, 1, 100, 1, 1, 0, 0, 1, 0, 0
1635343293294, 94.96, 100, EDGA, 95.19, 200, XNAS, 95.075, 4, XADF, 31411, 3.00377e+06, 95.628, 100, 1, 200, 1, 1, 1, 1, 0, 0, 0
1635343321776, 94.95, 100, XNAS, 95.19, 200, XNAS, 95.07, 63, XADF, 31474, 3.00976e+06, 95.6269, 100, 1, 200, 1, 1, 1, 1, 0, 0, 0
1635343351893, 94.95, 100, XNAS, 95.19, 200, XNAS, 94.96, 10, XADF, 31484, 3.01071e+06, 95.6267, 100, 1, 300, 2, 1, 1, 0, 0, 1, 0
1635343361033, 94.94, 100, XNAS, 95.19, 200, XNAS, 94.96, 1, XNAS, 31485, 3.01081e+06, 95.6267, 100, 1, 200, 1, 1, 0, 0, 0, 1, 0
1635343362613, 94.92, 100, EDGA, 95.19, 200, XNAS, 94.96, 1, XNAS, 31486, 3.0109e+06, 95.6267, 100, 1, 200, 1, 1, 0, 0, 0, 1, 0
1635343362613, 94.92, 100, EDGA, 95.19, 200, XNAS, 94.95, 1, XNAS, 31487, 3.011e+06, 95.6267, 100, 1, 200, 1, 1, 0, 0, 0, 1, 0
1635343362613, 94.92, 100, EDGA, 95.19, 200, XNAS, 94.94, 1, XNAS, 31488, 3.01109e+06, 95.6266, 100, 1, 200, 1, 1, 0, 0, 0, 1, 0
1635343362613, 94.8, 500, XNAS, 95.18, 100, XNAS, 94.92, 97, EDGA, 31585, 3.0203e+06, 95.6245, 500, 1, 100, 1, 1, 0, 0, 0, 1, 0
1635343362614, 94.8, 500, XNAS, 95.18, 100, XNAS, 94.9, 29, EDGX, 31614, 3.02305e+06, 95.6238, 500, 1, 100, 1, 1, 0, 0, 0, 1, 0
1635343362615, 94.8, 600, XNAS, 95.18, 200, XNAS, 94.9, 21, XADF, 31635, 3.02504e+06, 95.6233, 600, 1, 200, 1, 1, 1, 0, 0, 1, 0
1635343362644, 94.8, 100, XNAS, 95.18, 200, XNAS, 94.82, 100, XNAS, 31735, 3.03453e+06, 95.6208, 100, 1, 200, 1, 0, 1, 0, 0, 1, 0
1635343362644, 94.8, 100, XNAS, 95.18, 200, XNAS, 94.8, 500, XNAS, 32235, 3.08193e+06, 95.6081, 100, 1, 200, 1, 0, 0, 0, 0, 1, 0
1635343362644, 94.73, 100, BATS, 95.18, 200, XNAS, 94.8, 100, XNAS, 32335, 3.09141e+06, 95.6056, 100, 1, 200, 1, 0, 1, 0, 0, 1, 0
1635343362644, 94.73, 100, BATS, 95.1, 400, XPSX, 94.83, 100, EDGA, 32435, 3.10089e+06, 95.6032, 100, 1, 500, 2, 0, 1, 0, 0, 1, 0
1635343362644, 94.73, 100, BATS, 95.1, 400, XPSX, 94.85, 100, MEMX, 32535, 3.11037e+06, 95.6009, 100, 1, 500, 2, 0, 1, 0, 0, 1, 0
1635343362644, 94.73, 100, BATS, 95.1, 400, XPSX, 94.8, 12, MEMX, 32547, 3.11151e+06, 95.6006, 100, 1, 500, 2, 1, 0, 0, 0, 1, 0
1635343362644, 94.73, 100, BATS, 95.1, 400, XPSX, 94.85, 100, IEXG, 32647, 3.121e+06, 95.5983, 100, 1, 500, 2, 0, 1, 0, 0, 1, 0
1635343362645, 94.73, 100, BATS, 95, 100, XNAS, 94.8, 100, XADF, 32747, 3.13048e+06, 95.5958, 100, 1, 100, 1, 0, 1, 0, 0, 1, 0
1635343362645, 94.6, 200, BATS, 94.99, 100, IEXG, 94.76, 1, ARCX, 32748, 3.13057e+06, 95.5958, 400, 3, 100, 1, 1, 0, 0, 0, 1, 0
1635343362833, 94.6, 100, XNAS, 94.83, 200, XNAS, 94.7944, 1, XADF, 32749, 3.13067e+06, 95.5958, 100, 1, 200, 1, 1, 1, 0, 1, 0, 0
1635343386916, 94.5, 100, XNAS, 94.83, 200, XNAS, 94.7824, 300, XADF, 33050, 3.1592e+06, 95.5884, 100, 1, 200, 1, 0, 1, 0, 1, 0, 0
1635343399573, 94.5, 100, XNAS, 94.83, 200, XNAS, 94.5004, 1, XADF, 33051, 3.15929e+06, 95.5883, 100, 1, 200, 1, 1, 1, 0, 0, 1, 0
1635343405275, 94.5, 100, XNAS, 94.78, 200, XNAS, 94.54, 100, XCIS, 33151, 3.16874e+06, 95.5852, 100, 1, 200, 1, 0, 1, 0, 0, 1, 0
1635343429067, 94.41, 100, MEMX, 94.74, 100, XNAS, 94.5, 100, XNAS, 33251, 3.17819e+06, 95.5819, 100, 1, 100, 1, 0, 1, 0, 0, 1, 0
1635343429067, 94.41, 100, MEMX, 94.74, 100, XNAS, 94.5, 5, XNAS, 33256, 3.17867e+06, 95.5817, 100, 1, 100, 1, 1, 0, 0, 0, 1, 0
1635343429253, 94.2, 200, XNAS, 94.61, 100, XNAS, 94.4, 30, MEMX, 33286, 3.1815e+06, 95.5807, 400, 3, 200, 2, 1, 0, 0, 0, 1, 0
1635343429253, 94.2, 200, XNAS, 94.61, 100, XNAS, 94.37, 1, XNAS, 33287, 3.18159e+06, 95.5806, 400, 3, 200, 2, 1, 0, 0, 0, 1, 0
1635343429255, 94.2, 200, XNAS, 94.61, 100, XNAS, 94.37, 9, XADF, 33296, 3.18244e+06, 95.5803, 300, 2, 200, 2, 1, 1, 0, 0, 1, 0
1635343429260, 94.2, 200, XNAS, 94.61, 100, XNAS, 94.4, 5, BATS, 33301, 3.18291e+06, 95.5801, 300, 2, 200, 2, 1, 0, 0, 0, 1, 0
1635343429469, 94.2, 100, MEMX, 94.4, 100, XNAS, 94.33, 12, XNAS, 33313, 3.18405e+06, 95.5797, 200, 2, 100, 1, 1, 0, 0, 1, 0, 0
1635343429469, 94.4, 100, XNAS, 94.61, 300, XNAS, 94.4, 100, XNAS, 33413, 3.19349e+06, 95.5762, 100, 1, 400, 2, 0, 0, 0, 0, 1, 0
1635343429469, 94.2, 200, XNAS, 94.61, 300, XNAS, 94.4, 12, XNAS, 33425, 3.19462e+06, 95.5757, 300, 2, 400, 2, 1, 0, 0, 0, 1, 0
1635343429732, 94.3, 100, XNAS, 94.5, 200, XNAS, 94.4, 20, XADF, 33445, 3.19651e+06, 95.575, 100, 1, 200, 1, 1, 1, 1, 0, 0, 0
1635343429953, 94.23, 100, XNYS, 94.5, 200, XNAS, 94.4, 7, XNAS, 33452, 3.19717e+06, 95.5748, 100, 1, 200, 1, 1, 0, 0, 1, 0, 0
1635343429953, 94.23, 100, XNYS, 94.5, 200, XNAS, 94.4, 1, XNAS, 33453, 3.19726e+06, 95.5747, 100, 1, 200, 1, 1, 0, 0, 1, 0, 0
1635343429953, 94.23, 100, XNYS, 94.5, 200, XNAS, 94.4, 1, XNAS, 33454, 3.19736e+06, 95.5747, 100, 1, 200, 1, 1, 0, 0, 1, 0, 0
1635343429953, 94.23, 100, XNYS, 94.5, 200, XNAS, 94.4, 24, XNAS, 33478, 3.19962e+06, 95.5739, 100, 1, 200, 1, 1, 0, 0, 1, 0, 0
1635343429953, 94.23, 100, XNYS, 94.5, 200, XNAS, 94.4, 1, XNAS, 33479, 3.19972e+06, 95.5738, 100, 1, 200, 1, 1, 0, 0, 1, 0, 0
1635343429981, 94.23, 100, XNYS, 94.5, 200, XNAS, 94.4, 54, XNAS, 33533, 3.20481e+06, 95.5719, 100, 1, 200, 1, 1, 0, 0, 1, 0, 0
1635343453308, 94, 400, EDGX, 94.5, 200, XNAS, 94.25, 2, XADF, 33589, 3.2101e+06, 95.5699, 700, 2, 200, 1, 1, 1, 1, 0, 0, 0
1635343466389, 94.05, 100, XNAS, 94.5, 200, XNAS, 94.18, 1, MEMX, 33590, 3.21019e+06, 95.5699, 100, 1, 200, 1, 1, 0, 0, 0, 1, 0
1635343489979, 94.05, 100, XNAS, 94.44, 100, IEXG, 94.05, 7, XADF, 33597, 3.21085e+06, 95.5696, 100, 1, 200, 2, 1, 1, 0, 0, 1, 0
1635343515534, 94.06, 100, BATY, 94.43, 200, XNAS, 94.1, 1, BATY, 33598, 3.21094e+06, 95.5695, 100, 1, 300, 2, 1, 0, 0, 0, 1, 0
1635343516419, 94.06, 100, BATY, 94.42, 100, XNAS, 94.1, 100, XCIS, 33698, 3.22035e+06, 95.5652, 200, 2, 200, 2, 0, 1, 0, 0, 1, 0
1635343516420, 94.06, 100, BATY, 94.42, 100, XNAS, 94.07, 100, BATY, 33798, 3.22976e+06, 95.5607, 100, 1, 200, 2, 0, 1, 0, 0, 1, 0
1635343516421, 94.06, 100, BATY, 94.41, 200, XCHI, 94.15, 1, XNAS, 33799, 3.22986e+06, 95.5607, 100, 1, 200, 1, 1, 0, 0, 0, 1, 0
1635343516421, 94.06, 100, BATY, 94.41, 200, XCHI, 94.06, 100, BATY, 33899, 3.23926e+06, 95.5563, 100, 1, 200, 1, 0, 0, 0, 0, 1, 0
1635343516421, 94.05, 100, XNAS, 94.41, 200, XCHI, 94.06, 12, MEMX, 33911, 3.24039e+06, 95.5557, 100, 1, 200, 1, 1, 0, 0, 0, 1, 0
1635343516422, 94, 400, EDGX, 94.41, 200, XCHI, 94.05, 100, XNAS, 34011, 3.2498e+06, 95.5513, 700, 2, 400, 3, 0, 1, 0, 0, 1, 0
1635343516422, 94, 400, EDGX, 94.33, 400, XPSX, 94, 200, XNAS, 34211, 3.2686e+06, 95.5422, 400, 1, 500, 2, 0, 1, 0, 0, 1, 0
1635343516422, 94, 400, EDGX, 94.33, 400, XPSX, 94, 100, XNAS, 34311, 3.278e+06, 95.5377, 400, 1, 500, 2, 0, 1, 0, 0, 1, 0
1635343516423, 94, 400, EDGX, 94.33, 400, XPSX, 94, 6, XNAS, 34317, 3.27856e+06, 95.5375, 400, 1, 500, 2, 1, 0, 0, 0, 1, 0
1635343516423, 94, 400, EDGX, 94.33, 400, XPSX, 94, 3, XNAS, 34320, 3.27884e+06, 95.5373, 400, 1, 500, 2, 1, 0, 0, 0, 1, 0
1635343516423, 94, 400, EDGX, 94.33, 400, XPSX, 94, 1, XNAS, 34321, 3.27894e+06, 95.5373, 400, 1, 500, 2, 1, 0, 0, 0, 1, 0
1635343516423, 94, 400, EDGX, 94.33, 400, XPSX, 94, 15, XNAS, 34336, 3.28035e+06, 95.5366, 400, 1, 500, 2, 1, 0, 0, 0, 1, 0
1635343516423, 93.87, 100, XNYS, 94.33, 400, XPSX, 94, 1, XNAS, 34337, 3.28044e+06, 95.5366, 100, 1, 500, 2, 1, 0, 0, 0, 1, 0
1635343516423, 93.87, 100, XNYS, 94.33, 400, XPSX, 94, 400, EDGX, 34737, 3.31804e+06, 95.5189, 100, 1, 500, 2, 0, 1, 0, 0, 1, 0
1635343516423, 93.87, 100, XNYS, 94.33, 400, XPSX, 94, 3, XNAS, 34740, 3.31832e+06, 95.5188, 100, 1, 500, 2, 1, 0, 0, 0, 1, 0
1635343516423, 93.87, 100, XNYS, 94.33, 400, XPSX, 94, 10, XNAS, 34750, 3.31926e+06, 95.5183, 100, 1, 500, 2, 1, 0, 0, 0, 1, 0
1635343516423, 93.83, 100, XNYS, 94.33, 400, XPSX, 94, 4, ARCX, 34754, 3.31964e+06, 95.5181, 100, 1, 500, 2, 1, 0, 0, 0, 1, 0
1635343516424, 93.76, 100, BATS, 94.23, 100, IEXG, 93.9, 1, XNAS, 34755, 3.31973e+06, 95.5181, 100, 1, 100, 1, 1, 0, 0, 0, 1, 0
1635343516425, 93.76, 100, BATS, 94.16, 200, XPSX, 93.76, 100, XNAS, 34895, 3.33286e+06, 95.5111, 100, 1, 200, 1, 0, 1, 0, 0, 1, 0
1635343516425, 93.63, 100, XPSX, 94.14, 200, XPSX, 93.76, 100, BATS, 34995, 3.34224e+06, 95.5061, 100, 1, 300, 2, 0, 1, 0, 0, 1, 0
1635343516425, 93.63, 100, XPSX, 94.14, 200, XPSX, 93.76, 29, BATS, 35024, 3.34496e+06, 95.5047, 100, 1, 300, 2, 1, 0, 0, 0, 1, 0
1635343516427, 93.63, 100, XPSX, 94.14, 100, XPSX, 93.69, 33, XNAS, 35061, 3.34842e+06, 95.5028, 100, 1, 200, 2, 1, 0, 0, 0, 1, 0
1635343516427, 93.63, 100, XPSX, 93.93, 300, XPSX, 94.05, 100, XADF, 35161, 3.35783e+06, 95.4987, 100, 1, 300, 1, 0, 1, 0, 1, 0, 1
1635343516428, 93.61, 300, XNAS, 93.93, 300, XPSX, 93.63, 100, XPSX, 35261, 3.36719e+06, 95.4934, 500, 3, 300, 1, 0, 1, 0, 0, 1, 0
1635343516428, 93.61, 300, XNAS, 93.93, 100, XPSX, 93.6426, 157, XADF, 35418, 3.38189e+06, 95.4852, 400, 2, 100, 1, 0, 1, 0, 0, 1, 0
1635343516428, 93.63, 500, XNAS, 93.93, 100, XPSX, 93.69, 17, XNAS, 35435, 3.38349e+06, 95.4843, 500, 1, 100, 1, 1, 0, 0, 0, 1, 0
1635343516429, 93.64, 200, XCHI, 93.93, 100, XPSX, 93.64, 50, BATY, 35485, 3.38817e+06, 95.4817, 200, 1, 100, 1, 1, 0, 0, 0, 1, 0
1635343516434, 93.64, 200, XCHI, 93.93, 100, XPSX, 93.64, 1, XADF, 35486, 3.38826e+06, 95.4816, 200, 1, 100, 1, 1, 1, 0, 0, 1, 0
1635343516506, 93.64, 200, XNAS, 93.93, 100, XPSX, 93.785, 50, XADF, 35536, 3.39295e+06, 95.4793, 200, 1, 100, 1, 1, 1, 1, 0, 0, 0
1635343516635, 93.64, 400, XNAS, 94.23, 100, IEXG, 93.7353, 8, XADF, 35545, 3.39379e+06, 95.4788, 500, 2, 100, 1, 1, 1, 0, 0, 1, 0
1635343516666, 93.64, 400, XNAS, 94.23, 100, IEXG, 93.7353, 5, XADF, 35550, 3.39426e+06, 95.4786, 500, 2, 100, 1, 1, 1, 0, 0, 1, 0
1635343516676, 93.64, 400, XNAS, 94.23, 100, IEXG, 93.7273, 63, XADF, 35651, 3.40373e+06, 95.4736, 500, 2, 100, 1, 1, 1, 0, 0, 1, 0
1635343516697, 93.66, 200, XNAS, 94.23, 100, IEXG, 93.945, 1, XADF, 35652, 3.40382e+06, 95.4736, 300, 2, 200, 2, 1, 1, 1, 0, 0, 0
1635343516702, 93.66, 200, XNAS, 94.23, 100, IEXG, 93.945, 39, XADF, 35691, 3.40749e+06, 95.4719, 300, 2, 200, 2, 1, 1, 1, 0, 0, 0
1635343516702, 93.66, 200, XNAS, 94.23, 100, IEXG, 93.67, 2, XADF, 35693, 3.40767e+06, 95.4718, 300, 2, 200, 2, 1, 1, 0, 0, 1, 0
1635343530533, 93.68, 100, XNAS, 94.21, 200, XNAS, 93.7439, 3, XADF, 35696, 3.40796e+06, 95.4717, 100, 1, 400, 3, 1, 1, 0, 0, 1, 0
1635343530761, 93.68, 100, XNAS, 94.21, 200, XNAS, 93.6801, 20, XADF, 35716, 3.40983e+06, 95.4706, 100, 1, 400, 3, 1, 1, 0, 0, 1, 0
1635343535010, 93.54, 200, XNAS, 94.21, 200, XNAS, 93.6401, 20, XADF, 35736, 3.4117e+06, 95.4696, 300, 2, 400, 3, 1, 1, 0, 0, 1, 0
1635343539763, 93.55, 100, XNAS, 94.18, 200, XNAS, 93.55, 1, EPRL, 35737, 3.4118e+06, 95.4696, 100, 1, 300, 2, 1, 0, 0, 0, 1, 0
1635343548588, 93.54, 100, XNAS, 94.14, 200, XNAS, 93.84, 200, XADF, 35937, 3.43056e+06, 95.4605, 100, 1, 400, 3, 0, 1, 1, 0, 0, 0
1635343548589, 93.54, 100, XNAS, 94.14, 200, XNAS, 93.84, 100, XADF, 36037, 3.43995e+06, 95.456, 100, 1, 400, 3, 0, 1, 1, 0, 0, 0
1635343557791, 93.54, 100, XNAS, 93.8, 400, XNAS, 93.6646, 110, XADF, 36147, 3.45025e+06, 95.4506, 100, 1, 400, 1, 0, 1, 0, 0, 1, 0
1635343560837, 93.54, 100, XNAS, 93.7, 400, XNAS, 93.55, 1, XNAS, 36148, 3.45034e+06, 95.4505, 100, 1, 400, 1, 1, 0, 0, 0, 1, 0
1635343561960, 93.54, 100, XNAS, 93.7, 400, XNAS, 93.68, 50, XNAS, 36198, 3.45503e+06, 95.4481, 100, 1, 500, 2, 1, 0, 0, 1, 0, 0
1635343561960, 93.54, 100, XNAS, 93.7, 400, XNAS, 93.69, 33, XNAS, 36231, 3.45812e+06, 95.4465, 100, 1, 500, 2, 1, 0, 0, 1, 0, 0
1635343561960, 93.54, 100, XNAS, 93.7, 400, XNAS, 93.69, 39, XNAS, 36270, 3.46177e+06, 95.4446, 100, 1, 500, 2, 1, 0, 0, 1, 0, 0
1635343561960, 93.54, 100, XNAS, 93.7, 400, XNAS, 93.69, 6, XNAS, 36276, 3.46234e+06, 95.4443, 100, 1, 500, 2, 1, 0, 0, 1, 0, 0
1635343561960, 93.54, 100, XNAS, 93.7, 400, XNAS, 93.69, 3, XBOS, 36279, 3.46262e+06, 95.4441, 100, 1, 500, 2, 1, 0, 0, 1, 0, 0
1635343561960, 93.54, 100, XNAS, 93.7, 400, XNAS, 93.69, 6, XNAS, 36285, 3.46318e+06, 95.4438, 100, 1, 500, 2, 1, 0, 0, 1, 0, 0
1635343561960, 93.54, 100, XNAS, 93.7, 400, XNAS, 93.69, 16, XNAS, 36301, 3.46468e+06, 95.4431, 100, 1, 500, 2, 1, 0, 0, 1, 0, 0
1635343561960, 93.54, 100, XNAS, 93.7, 400, XNAS, 93.69, 100, XNAS, 36401, 3.47405e+06, 95.4383, 100, 1, 500, 2, 0, 1, 0, 1, 0, 0
1635343561960, 93.54, 100, XNAS, 93.7, 100, MEMX, 93.7, 100, XNAS, 36501, 3.48342e+06, 95.4335, 100, 1, 200, 2, 0, 0, 0, 1, 0, 0
1635343561960, 93.54, 100, XNAS, 93.7, 100, MEMX, 93.7, 100, XNAS, 36601, 3.49279e+06, 95.4288, 100, 1, 200, 2, 0, 0, 0, 1, 0, 0
1635343561960, 93.54, 100, XNAS, 93.7, 100, MEMX, 93.7, 84, XNAS, 36685, 3.50066e+06, 95.4248, 100, 1, 200, 2, 1, 0, 0, 1, 0, 0
1635343561960, 93.54, 100, XNAS, 93.7, 100, MEMX, 93.7, 3, XNAS, 36688, 3.50094e+06, 95.4247, 100, 1, 200, 2, 1, 0, 0, 1, 0, 0
1635343561960, 93.54, 100, XNAS, 93.7, 100, MEMX, 93.7, 13, XNAS, 36701, 3.50216e+06, 95.424, 100, 1, 200, 2, 1, 0, 0, 1, 0, 0
1635343561960, 93.54, 100, XNAS, 93.7, 100, MEMX, 93.7, 100, XNAS, 36801, 3.51153e+06, 95.4194, 100, 1, 100, 1, 0, 1, 0, 1, 0, 0
1635343561960, 93.56, 100, XNAS, 93.7, 100, MEMX, 93.69, 97, XBOS, 36898, 3.52062e+06, 95.4148, 100, 1, 100, 1, 1, 0, 0, 1, 0, 0
1635343561960, 93.56, 100, XNAS, 93.7, 100, MEMX, 93.7, 1, MEMX, 36899, 3.52071e+06, 95.4148, 100, 1, 100, 1, 1, 0, 0, 1, 0, 0
1635343561960, 93.56, 100, XNAS, 93.7, 100, MEMX, 93.7, 20, MEMX, 36919, 3.52258e+06, 95.4138, 100, 1, 100, 1, 1, 0, 0, 1, 0, 0
1635343561960, 93.56, 100, XNAS, 93.71, 100, XNAS, 93.7, 80, MEMX, 36999, 3.53008e+06, 95.4101, 100, 1, 100, 1, 1, 0, 0, 1, 0, 0
1635343561960, 93.56, 100, XNAS, 93.8, 100, XNAS, 93.71, 7, XNAS, 37006, 3.53074e+06, 95.4098, 100, 1, 100, 1, 1, 0, 0, 1, 0, 0
1635343561960, 93.56, 100, XNAS, 93.8, 100, XNAS, 93.71, 1, XNAS, 37007, 3.53083e+06, 95.4098, 100, 1, 100, 1, 1, 0, 0, 1, 0, 0
1635343561960, 93.56, 100, XNAS, 93.8, 100, XNAS, 93.69, 100, EDGX, 37107, 3.5402e+06, 95.4051, 200, 2, 100, 1, 0, 1, 0, 1, 0, 0
1635343561961, 93.56, 100, XNAS, 93.8, 100, XNAS, 93.71, 6, XNAS, 37113, 3.54076e+06, 95.4049, 200, 2, 100, 1, 1, 0, 0, 1, 0, 0
1635343561961, 93.56, 100, XNAS, 93.8, 100, XNAS, 93.71, 5, XNAS, 37118, 3.54123e+06, 95.4046, 200, 2, 100, 1, 1, 0, 0, 1, 0, 0
1635343561961, 93.56, 100, XNAS, 93.8, 100, XNAS, 93.69, 100, XADF, 37218, 3.5506e+06, 95.4, 200, 2, 100, 1, 0, 1, 0, 1, 0, 0
1635343561961, 93.56, 100, BATS, 93.71, 100, XNAS, 93.65, 165, XNAS, 37383, 3.56605e+06, 95.3923, 200, 2, 100, 1, 0, 1, 0, 1, 0, 0
1635343561961, 93.65, 100, XNAS, 93.8, 100, XNAS, 93.65, 35, XNAS, 37418, 3.56933e+06, 95.3907, 100, 1, 100, 1, 1, 0, 0, 0, 1, 0
1635343566809, 93.49, 100, XNYS, 93.8, 200, XNAS, 93.7, 200, XNAS, 37618, 3.58807e+06, 95.3817, 100, 1, 200, 1, 0, 1, 0, 1, 0, 0
1635343566809, 93.49, 100, XNYS, 93.8, 200, XNAS, 93.66, 1, XNAS, 37619, 3.58816e+06, 95.3816, 100, 1, 200, 1, 1, 0, 0, 1, 0, 0
1635343566810, 93.37, 100, XNYS, 93.8, 100, XNAS, 93.66, 100, XADF, 37719, 3.59753e+06, 95.3771, 100, 1, 100, 1, 0, 1, 0, 1, 0, 0
1635343567615, 93.46, 100, XNAS, 93.8, 200, XNAS, 93.4604, 4, XADF, 37723, 3.5979e+06, 95.3769, 100, 1, 400, 3, 1, 1, 0, 0, 1, 0
1635343573491, 93.46, 100, XNAS, 93.8, 200, XNAS, 93.49, 100, XBOS, 37823, 3.60725e+06, 95.3719, 100, 1, 300, 2, 0, 1, 0, 0, 1, 0
1635343573491, 93.46, 100, XNAS, 93.8, 200, XNAS, 93.55, 100, BATY, 37923, 3.61661e+06, 95.3671, 100, 1, 300, 2, 0, 1, 0, 0, 1, 0
1635343573491, 93.37, 100, XNYS, 93.8, 200, XNAS, 93.46, 100, XNAS, 38023, 3.62595e+06, 95.3621, 100, 1, 300, 2, 0, 1, 0, 0, 1, 0
1635343573492, 93.37, 100, XNYS, 93.73, 400, XPSX, 93.57, 100, ARCX, 38123, 3.63531e+06, 95.3574, 100, 1, 500, 2, 0, 1, 0, 1, 0, 0
1635343573492, 93.37, 100, XNYS, 93.73, 400, XPSX, 93.46, 100, XADF, 38223, 3.64465e+06, 95.3524, 100, 1, 500, 2, 0, 1, 0, 0, 1, 0
1635343573492, 93.37, 100, XNYS, 93.73, 400, XPSX, 93.57, 100, XADF, 38323, 3.65401e+06, 95.3477, 100, 1, 500, 2, 0, 1, 0, 1, 0, 0
1635343573492, 93.37, 100, XNYS, 93.73, 400, XPSX, 93.46, 100, XADF, 38423, 3.66336e+06, 95.3428, 100, 1, 500, 2, 0, 1, 0, 0, 1, 0
1635343573492, 93.37, 100, XNYS, 93.73, 300, XPSX, 93.47, 100, XADF, 38523, 3.6727e+06, 95.338, 100, 1, 400, 2, 0, 1, 0, 0, 1, 0
1635343573493, 93.37, 100, XNYS, 93.73, 200, XPSX, 93.51, 100, XADF, 38623, 3.68206e+06, 95.3332, 100, 1, 200, 1, 0, 1, 0, 0, 1, 0
1635343573493, 93.37, 100, XNYS, 93.73, 200, XPSX, 93.46, 100, XADF, 38723, 3.6914e+06, 95.3284, 100, 1, 200, 1, 0, 1, 0, 0, 1, 0
1635343573496, 93.37, 100, XNYS, 93.73, 100, XPSX, 93.48, 100, XADF, 38823, 3.70075e+06, 95.3236, 100, 1, 100, 1, 0, 1, 0, 0, 1, 0
1635343573498, 93.37, 100, XNYS, 93.73, 100, XPSX, 93.37, 1, XADF, 38824, 3.70084e+06, 95.3236, 100, 1, 100, 1, 1, 1, 0, 0, 1, 0
1635343573498, 93.37, 100, XNYS, 93.73, 100, XPSX, 93.45, 2, XNAS, 38826, 3.70103e+06, 95.3235, 100, 1, 100, 1, 1, 0, 0, 0, 1, 0
1635343573498, 93.37, 100, XNYS, 93.73, 100, XPSX, 93.45, 4, XNAS, 38830, 3.7014e+06, 95.3233, 100, 1, 100, 1, 1, 0, 0, 0, 1, 0
1635343573498, 93.37, 100, XNYS, 93.73, 100, XPSX, 93.45, 1, XNAS, 38831, 3.7015e+06, 95.3232, 100, 1, 100, 1, 1, 0, 0, 0, 1, 0
1635343573498, 93.37, 100, XNYS, 93.73, 100, XPSX, 93.45, 3, XNAS, 38834, 3.70178e+06, 95.3231, 100, 1, 100, 1, 1, 0, 0, 0, 1, 0
1635343573498, 93.37, 100, XNYS, 93.62, 100, XNAS, 93.37, 99, XNYS, 38933, 3.71102e+06, 95.3181, 100, 1, 100, 1, 1, 0, 0, 0, 1, 0
1635343576385, 93.25, 100, EDGX, 93.6, 200, XNAS, 93.37, 12, XNAS, 38948, 3.71242e+06, 95.3174, 100, 1, 200, 1, 1, 0, 0, 0, 1, 0
1635343576385, 93.25, 100, EDGX, 93.6, 200, XNAS, 93.37, 24, XNAS, 38972, 3.71466e+06, 95.3162, 100, 1, 200, 1, 1, 0, 0, 0, 1, 0
1635343576385, 93.25, 100, EDGX, 93.6, 200, XNAS, 93.37, 24, XNAS, 38996, 3.7169e+06, 95.315, 100, 1, 200, 1, 1, 0, 0, 0, 1, 0
1635343576395, 93.25, 100, EDGX, 93.6, 300, XNAS, 93.29, 3, ARCX, 38999, 3.71718e+06, 95.3148, 100, 1, 400, 2, 1, 0, 0, 0, 1, 0
1635343576400, 93.25, 100, EDGX, 93.5, 200, XNAS, 93.26, 26, IEXG, 39025, 3.71961e+06, 95.3135, 100, 1, 200, 1, 1, 0, 0, 0, 1, 0
1635343576412, 93.25, 100, EDGX, 93.5, 200, XNAS, 93.2504, 100, XADF, 39125, 3.72893e+06, 95.3082, 100, 1, 200, 1, 0, 1, 0, 0, 1, 0
1635343576414, 93.2, 100, BATY, 93.5, 100, XNAS, 93.25, 91, EDGX, 39216, 3.73742e+06, 95.3034, 100, 1, 100, 1, 1, 0, 0, 0, 1, 0
1635343576414, 93.2, 100, BATY, 93.49, 100, XNAS, 93.25, 9, EDGX, 39225, 3.73826e+06, 95.3029, 100, 1, 100, 1, 1, 0, 0, 0, 1, 0
1635343576415, 93.2, 100, BATY, 93.49, 100, XNAS, 93.25, 20, XADF, 39245, 3.74012e+06, 95.3019, 100, 1, 100, 1, 1, 1, 0, 0, 1, 0
1635343576419, 93.2, 100, BATY, 93.49, 100, XNAS, 93.2, 25, XADF, 39270, 3.74245e+06, 95.3006, 100, 1, 100, 1, 1, 1, 0, 0, 1, 0
1635343576581, 93.2, 100, BATY, 93.49, 100, XNAS, 93.2, 100, XADF, 39370, 3.75177e+06, 95.2952, 100, 1, 100, 1, 0, 1, 0, 0, 1, 0
1635343576586, 93.2, 100, BATY, 93.49, 100, XNAS, 93.2, 17, XADF, 39387, 3.75336e+06, 95.2943, 100, 1, 100, 1, 1, 1, 0, 0, 1, 0
1635343576591, 93.2, 100, BATY, 93.49, 100, XNAS, 93.2, 150, XADF, 39537, 3.76734e+06, 95.2864, 100, 1, 100, 1, 0, 1, 0, 0, 1, 0
1635343576595, 93.2, 100, BATY, 93.49, 100, XNAS, 93.2, 51, XADF, 39588, 3.77209e+06, 95.2837, 100, 1, 100, 1, 1, 1, 0, 0, 1, 0
1635343576598, 93.2, 100, BATY, 93.49, 100, XNAS, 93.2, 20, XADF, 39608, 3.77395e+06, 95.2826, 100, 1, 100, 1, 1, 1, 0, 0, 1, 0
1635343576599, 93.2, 100, BATY, 93.49, 100, XNAS, 93.2, 89, XNAS, 39747, 3.78691e+06, 95.2754, 100, 1, 100, 1, 1, 0, 0, 0, 1, 0
1635343576599, 93.2, 400, XNAS, 93.43, 100, XPSX, 93.2, 5, XNAS, 39752, 3.78738e+06, 95.2751, 500, 2, 100, 1, 1, 0, 0, 0, 1, 0
1635343576599, 93.2, 400, XNAS, 93.43, 100, XPSX, 93.2, 100, BATY, 39852, 3.7967e+06, 95.2699, 400, 1, 100, 1, 0, 1, 0, 0, 1, 0
1635343576599, 93.2, 400, XNAS, 93.43, 100, XPSX, 93.2, 78, XNAS, 39930, 3.80397e+06, 95.2658, 400, 1, 100, 1, 1, 0, 0, 0, 1, 0
1635343576599, 93.2, 300, XNAS, 93.43, 100, XPSX, 93.2, 104, XNAS, 40034, 3.81366e+06, 95.2605, 300, 1, 100, 1, 0, 0, 0, 0, 1, 0
1635343576599, 93.2, 300, XNAS, 93.43, 100, XPSX, 93.2, 1, XNAS, 40035, 3.81375e+06, 95.2604, 300, 1, 100, 1, 1, 0, 0, 0, 1, 0
1635343576599, 93.2, 300, XNAS, 93.43, 100, XPSX, 93.2, 1, XNAS, 40036, 3.81384e+06, 95.2604, 300, 1, 100, 1, 1, 0, 0, 0, 1, 0
1635343576599, 93.2, 600, BATS, 93.43, 100, XPSX, 93.2, 1, XNAS, 40037, 3.81394e+06, 95.2603, 1000, 3, 100, 1, 1, 0, 0, 0, 1, 0
1635343576599, 93.2, 600, BATS, 93.43, 100, XPSX, 93.2, 1, XNAS, 40038, 3.81403e+06, 95.2603, 1000, 3, 100, 1, 1, 0, 0, 0, 1, 0
1635343576599, 93.2, 500, BATS, 93.43, 100, XPSX, 93.2, 52, BATS, 40090, 3.81888e+06, 95.2576, 800, 2, 100, 1, 1, 0, 0, 0, 1, 0
1635343576599, 93.2, 500, BATS, 93.43, 100, XPSX, 93.2, 8, EDGX, 40098, 3.81962e+06, 95.2572, 800, 2, 100, 1, 1, 0, 0, 0, 1, 0
1635343576599, 93.2, 500, BATS, 93.34, 100, EDGX, 93.2, 26, ARCX, 40124, 3.82205e+06, 95.2559, 1100, 3, 100, 1, 1, 0, 0, 0, 1, 0
1635343576610, 93.21, 200, XNAS, 93.34, 100, XNAS, 93.29, 4, EDGX, 40128, 3.82242e+06, 95.2557, 200, 1, 100, 1, 1, 0, 0, 1, 0, 0
1635343576610, 93.21, 200, XNAS, 93.34, 100, XNAS, 93.29, 5, EDGX, 40133, 3.82289e+06, 95.2554, 200, 1, 100, 1, 1, 0, 0, 1, 0, 0
1635343576615, 93.2, 500, BATS, 93.34, 100, XNAS, 93.21, 40, XNAS, 40173, 3.82661e+06, 95.2534, 1100, 3, 100, 1, 1, 0, 0, 0, 1, 0
1635343576618, 93.22, 200, XNAS, 93.34, 100, XNAS, 93.2078, 1700, XADF, 41873, 3.98507e+06, 95.1703, 200, 1, 100, 1, 0, 1, 0, 0, 1, 1
1635343576620, 93.22, 100, XNAS, 93.34, 100, XNAS, 93.22, 99, XNAS, 41972, 3.9943e+06, 95.1657, 100, 1, 100, 1, 1, 0, 0, 0, 1, 0
1635343576620, 93.22, 100, XNAS, 93.34, 100, XNAS, 93.22, 1, XADF, 41973, 3.99439e+06, 95.1657, 100, 1, 100, 1, 1, 1, 0, 0, 1, 0
1635343576634, 93.21, 100, XNAS, 93.34, 200, XNAS, 93.22, 42, XNAS, 42015, 3.9983e+06, 95.1637, 100, 1, 200, 1, 1, 0, 0, 0, 1, 0
1635343576634, 93.2, 500, BATS, 93.34, 200, XNAS, 93.22, 59, XNAS, 42074, 4.0038e+06, 95.161, 1100, 3, 200, 1, 1, 0, 0, 0, 1, 0
1635343576721, 93.2, 500, BATS, 93.34, 200, XNAS, 93.2251, 54, XADF, 42128, 4.00884e+06, 95.1585, 1100, 3, 200, 1, 1, 1, 0, 0, 1, 0
1635343576778, 93.2, 500, BATS, 93.34, 300, XNAS, 93.2, 18, EDGX, 42146, 4.01052e+06, 95.1577, 1100, 3, 300, 1, 1, 0, 0, 0, 1, 0
1635343576778, 93.2, 500, BATS, 93.34, 300, XNAS, 93.2, 8, ARCX, 42154, 4.01126e+06, 95.1573, 1100, 3, 300, 1, 1, 0, 0, 0, 1, 0
1635343576849, 93.06, 100, XNAS, 93.34, 300, XNAS, 93.21, 2, XNAS, 42156, 4.01145e+06, 95.1572, 100, 1, 300, 1, 1, 0, 0, 1, 0, 0
1635343576849, 93.06, 100, XNAS, 93.34, 300, XNAS, 93.21, 59, XNAS, 42215, 4.01695e+06, 95.1545, 100, 1, 300, 1, 1, 0, 0, 1, 0, 0
1635343576850, 93.06, 100, XNAS, 93.34, 300, XNAS, 93.2, 28, BATS, 42243, 4.01956e+06, 95.1532, 100, 1, 300, 1, 1, 0, 1, 0, 0, 0
1635343577502, 93, 1100, EDGX, 93.34, 300, XNAS, 93.07, 2, XADF, 42245, 4.01974e+06, 95.1531, 1400, 2, 400, 2, 1, 1, 0, 0, 1, 0
1635343577800, 93, 1100, EDGX, 93.34, 300, XNAS, 93.03, 69, XADF, 42314, 4.02616e+06, 95.1497, 1300, 2, 400, 2, 1, 1, 0, 0, 1, 0
1635343578929, 93, 1100, EDGX, 93.34, 300, XNAS, 93.2864, 54, XADF, 42368, 4.0312e+06, 95.1473, 1300, 2, 500, 3, 1, 1, 0, 1, 0, 0
1635343582841, 93, 1100, EDGX, 93.34, 300, XNAS, 93, 11, XADF, 42379, 4.03222e+06, 95.1467, 1300, 2, 500, 3, 1, 1, 0, 0, 1, 0
1635343583308, 93, 1100, EDGX, 93.34, 300, XNAS, 93.17, 2, XADF, 42381, 4.03241e+06, 95.1466, 1300, 2, 500, 3, 1, 1, 1, 0, 0, 0
1635343584568, 93.01, 200, XNAS, 93.34, 300, XNAS, 93.15, 100, XNAS, 42481, 4.04172e+06, 95.1419, 200, 1, 400, 2, 0, 1, 0, 0, 1, 0
1635343584610, 93.01, 200, XNAS, 93.34, 300, XNAS, 93.07, 100, XADF, 42581, 4.05103e+06, 95.1371, 200, 1, 400, 2, 0, 1, 0, 0, 1, 0
1635343584753, 93.01, 200, XNAS, 93.34, 300, XNAS, 93.0565, 8, XADF, 42589, 4.05178e+06, 95.1367, 200, 1, 400, 2, 1, 1, 0, 0, 1, 0
1635343587800, 93, 1100, EDGX, 93.34, 200, XNAS, 93.1871, 30, XADF, 42619, 4.05457e+06, 95.1353, 1300, 2, 300, 2, 1, 1, 0, 1, 0, 0
1635343588067, 93, 1100, EDGX, 93.34, 300, XNAS, 93.0594, 300, XADF, 42919, 4.08249e+06, 95.1208, 1300, 2, 300, 1, 0, 1, 0, 0, 1, 0
1635343588071, 93, 1000, EDGX, 93.34, 200, XNAS, 93, 100, EDGX, 43019, 4.09179e+06, 95.1159, 1200, 2, 200, 1, 0, 0, 0, 0, 1, 0
1635343588073, 93, 1000, EDGX, 93.34, 300, XNAS, 93.07, 4, XNAS, 43023, 4.09216e+06, 95.1157, 1200, 2, 400, 2, 1, 0, 0, 0, 1, 0
1635343588073, 93, 1000, EDGX, 93.28, 100, XPSX, 93.07, 2, ARCX, 43036, 4.09337e+06, 95.115, 1200, 2, 100, 1, 1, 0, 0, 0, 1, 0
1635343588074, 93, 1000, EDGX, 93.28, 100, XPSX, 93, 400, XADF, 43436, 4.13057e+06, 95.0956, 1200, 2, 100, 1, 0, 1, 0, 0, 1, 0
1635343588075, 93, 800, EDGX, 93.28, 100, XPSX, 93, 104, EDGX, 43540, 4.14024e+06, 95.0906, 1000, 2, 100, 1, 0, 0, 0, 0, 1, 0
1635343588081, 93, 800, EDGX, 93.28, 200, XNAS, 93, 50, XNAS, 43590, 4.14489e+06, 95.0882, 900, 2, 300, 2, 1, 0, 0, 0, 1, 0
1635343589495, 93, 800, EDGX, 93.28, 200, XNAS, 93.1, 200, XNAS, 43790, 4.16351e+06, 95.0791, 900, 2, 200, 1, 0, 1, 0, 0, 1, 0
1635343589513, 93.02, 100, XNAS, 93.28, 100, XNAS, 93.03, 5, XNAS, 43795, 4.16398e+06, 95.0788, 200, 2, 100, 1, 1, 0, 0, 0, 1, 0
1635343589513, 93.02, 100, XNAS, 93.28, 100, XNAS, 93.15, 3, XNAS, 43798, 4.16426e+06, 95.0787, 200, 2, 100, 1, 1, 0, 1, 0, 0, 0
1635343592218, 93.02, 100, IEXG, 93.28, 200, XNAS, 93.091, 95, XADF, 43893, 4.1731e+06, 95.0744, 200, 2, 200, 1, 1, 1, 0, 0, 1, 0
1635343592218, 93.02, 100, IEXG, 93.28, 200, XNAS, 93.15, 95, XADF, 43988, 4.18195e+06, 95.0702, 200, 2, 200, 1, 1, 1, 1, 0, 0, 0
1635343592219, 93.02, 100, IEXG, 93.28, 200, XNAS, 93.23, 1, XADF, 43989, 4.18204e+06, 95.0702, 200, 2, 200, 1, 1, 1, 0, 1, 0, 0
1635343595618, 93.02, 100, IEXG, 93.28, 200, XNAS, 93.03, 100, IEXG, 44089, 4.19135e+06, 95.0656, 100, 1, 200, 1, 0, 1, 0, 0, 1, 0
1635343596655, 93.02, 100, IEXG, 93.1, 100, XNAS, 93.1, 4, XNAS, 44093, 4.19172e+06, 95.0654, 100, 1, 100, 1, 1, 0, 0, 1, 0, 0
1635343596655, 93.02, 100, IEXG, 93.1, 100, XNAS, 93.1, 4, XNAS, 44097, 4.19209e+06, 95.0652, 100, 1, 100, 1, 1, 0, 0, 1, 0, 0
1635343596655, 93.02, 100, IEXG, 93.28, 200, XNAS, 93.1, 192, XNAS, 44289, 4.20997e+06, 95.0567, 100, 1, 200, 1, 0, 1, 0, 0, 1, 0
1635343596660, 93.02, 200, XNAS, 93.28, 200, XNAS, 93.03, 100, EDGA, 44389, 4.21927e+06, 95.0521, 300, 2, 200, 1, 0, 1, 0, 0, 1, 0
1635343596665, 93.03, 200, XNAS, 93.28, 200, XNAS, 93.02, 100, XADF, 44489, 4.22857e+06, 95.0476, 200, 1, 200, 1, 0, 1, 0, 0, 1, 1
1635343597218, 93.03, 200, XNAS, 93.28, 200, XNAS, 93.2799, 1, XADF, 44490, 4.22866e+06, 95.0475, 200, 1, 200, 1, 1, 1, 0, 1, 0, 0
1635343600228, 93.03, 200, XNAS, 93.28, 200, XNAS, 93.1555, 200, XADF, 44690, 4.2473e+06, 95.0391, 200, 1, 200, 1, 0, 1, 0, 1, 0, 0
1635343600232, 93.03, 100, XNAS, 93.28, 100, XNAS, 93.03, 100, XNAS, 44790, 4.2566e+06, 95.0346, 100, 1, 100, 1, 0, 0, 0, 0, 1, 0
1635343602434, 93.03, 100, XNAS, 93.28, 200, XNAS, 93.16, 10, XNAS, 44800, 4.25753e+06, 95.0342, 100, 1, 300, 2, 1, 0, 0, 1, 0, 0
1635343603659, 93.02, 100, XNAS, 93.16, 300, XNAS, 93.03, 37, XNAS, 44837, 4.26097e+06, 95.0325, 100, 1, 300, 1, 1, 0, 0, 0, 1, 0
1635343603659, 93.02, 100, XNAS, 93.16, 300, XNAS, 93.03, 5, XNAS, 44842, 4.26144e+06, 95.0323, 100, 1, 300, 1, 1, 0, 0, 0, 1, 0
1635343603659, 93.02, 100, XNAS, 93.16, 300, XNAS, 93.03, 59, XNAS, 44901, 4.26693e+06, 95.0296, 100, 1, 300, 1, 1, 0, 0, 0, 1, 0
1635343603659, 93.01, 100, XNAS, 93.16, 300, XNAS, 93.02, 10, XNAS, 44911, 4.26786e+06, 95.0292, 100, 1, 300, 1, 1, 0, 0, 0, 1, 0
1635343603659, 93.01, 100, XNAS, 93.16, 300, XNAS, 93.02, 32, XNAS, 44943, 4.27083e+06, 95.0278, 100, 1, 300, 1, 1, 0, 0, 0, 1, 0
1635343603659, 93.01, 100, XNAS, 93.16, 300, XNAS, 93.02, 59, XNAS, 45002, 4.27632e+06, 95.0251, 100, 1, 300, 1, 1, 0, 0, 0, 1, 0
1635343603659, 93.01, 100, XNAS, 93.15, 100, XNAS, 93.01, 33, XNAS, 45035, 4.27939e+06, 95.0237, 100, 1, 100, 1, 1, 0, 0, 0, 1, 0
1635343603659, 93, 800, EDGX, 93.15, 100, XNAS, 93.01, 26, XNAS, 45061, 4.28181e+06, 95.0225, 900, 2, 100, 1, 1, 0, 0, 0, 1, 0
1635343603659, 93, 800, EDGX, 93.15, 100, XNAS, 93.01, 42, XNAS, 45103, 4.28572e+06, 95.0206, 900, 2, 100, 1, 1, 0, 0, 0, 1, 0
1635343603659, 93, 800, EDGX, 93.15, 100, XNAS, 93.01, 1, XNAS, 45104, 4.28581e+06, 95.0206, 900, 2, 100, 1, 1, 0, 0, 0, 1, 0
1635343603659, 93, 800, EDGX, 93.15, 100, XNAS, 93, 100, XNAS, 45204, 4.29511e+06, 95.0161, 800, 1, 100, 1, 0, 1, 0, 0, 1, 0
1635343603659, 93, 800, EDGX, 93.15, 100, XNAS, 93, 50, XNAS, 45254, 4.29976e+06, 95.0139, 800, 1, 100, 1, 1, 0, 0, 0, 1, 0
1635343603659, 93, 800, EDGX, 93.15, 100, XNAS, 93, 27, XNAS, 45281, 4.30227e+06, 95.0127, 800, 1, 100, 1, 1, 0, 0, 0, 1, 0
1635343603659, 93, 800, EDGX, 93.15, 100, XNAS, 93, 2, XNAS, 45283, 4.30246e+06, 95.0126, 800, 1, 100, 1, 1, 0, 0, 0, 1, 0
1635343603660, 93, 800, EDGX, 93.15, 100, XNAS, 93, 10, EDGX, 45293, 4.30339e+06, 95.0122, 800, 1, 100, 1, 1, 0, 0, 0, 1, 0
1635343603660, 93, 800, EDGX, 93.15, 100, XNAS, 93, 10, BATS, 45303, 4.30432e+06, 95.0117, 800, 1, 100, 1, 1, 0, 0, 0, 1, 0
1635343603660, 93, 700, EDGX, 93.15, 100, XNAS, 93, 166, EDGX, 45469, 4.31975e+06, 95.0044, 700, 1, 100, 1, 0, 0, 0, 0, 1, 0
1635343603660, 93, 700, EDGX, 93.15, 100, XNAS, 93, 10, BATS, 45479, 4.32068e+06, 95.0039, 700, 1, 100, 1, 1, 0, 0, 0, 1, 0
1635343603660, 93, 600, EDGX, 93.15, 100, XNAS, 93, 22, EDGX, 45501, 4.32273e+06, 95.003, 600, 1, 100, 1, 1, 0, 0, 0, 1, 0
1635343603660, 93, 600, EDGX, 93.15, 100, XNAS, 93, 5, EDGX, 45506, 4.32319e+06, 95.0027, 600, 1, 100, 1, 1, 0, 0, 0, 1, 0
1635343603660, 93, 600, EDGX, 93.15, 100, XNAS, 93, 10, BATS, 45516, 4.32412e+06, 95.0023, 600, 1, 100, 1, 1, 0, 0, 0, 1, 0
1635343603660, 93, 600, EDGX, 93.15, 100, XNAS, 93, 5, BATS, 45521, 4.32459e+06, 95.0021, 600, 1, 100, 1, 1, 0, 0, 0, 1, 0
1635343603660, 93, 600, EDGX, 93.15, 100, XNAS, 93, 9, EDGX, 45530, 4.32543e+06, 95.0017, 600, 1, 100, 1, 1, 0, 0, 0, 1, 0
1635343603660, 93, 600, EDGX, 93.15, 100, XNAS, 93, 2, EDGX, 45532, 4.32561e+06, 95.0016, 600, 1, 100, 1, 1, 0, 0, 0, 1, 0
1635343603660, 93, 600, EDGX, 93.15, 100, XNAS, 93, 3, EDGX, 45535, 4.32589e+06, 95.0015, 600, 1, 100, 1, 1, 0, 0, 0, 1, 0
1635343603660, 92.85, 100, XNYS, 93.15, 100, XNAS, 93, 679, EDGX, 46214, 4.38904e+06, 94.9721, 100, 1, 100, 1, 0, 1, 1, 0, 0, 0
1635343603660, 92.85, 100, XNYS, 93.15, 100, XNAS, 93, 9, BATS, 46223, 4.38988e+06, 94.9717, 100, 1, 100, 1, 1, 0, 1, 0, 0, 0
1635343603660, 92.85, 100, XNYS, 93.15, 100, XNAS, 93, 14, BATS, 46237, 4.39118e+06, 94.9711, 100, 1, 100, 1, 1, 0, 1, 0, 0, 0
1635343603660, 92.85, 100, XNYS, 93.15, 100, XNAS, 93, 28, BATS, 46265, 4.39378e+06, 94.9699, 100, 1, 100, 1, 1, 0, 1, 0, 0, 0
1635343603660, 92.85, 100, XNYS, 93.15, 100, XNAS, 93, 1, ARCX, 46266, 4.39387e+06, 94.9698, 100, 1, 100, 1, 1, 0, 1, 0, 0, 0
1635343603662, 92.85, 100, XNYS, 93.15, 100, XNAS, 92.85, 5, XADF, 46271, 4.39434e+06, 94.9696, 100, 1, 200, 2, 1, 1, 0, 0, 1, 0
1635343603666, 92.85, 100, XNYS, 93.08, 200, XNAS, 92.86, 3, XNAS, 46274, 4.39462e+06, 94.9695, 100, 1, 300, 2, 1, 0, 0, 0, 1, 0
1635343603666, 92.85, 100, XNYS, 93.08, 200, XNAS, 92.86, 2, XNAS, 46276, 4.3948e+06, 94.9694, 100, 1, 300, 2, 1, 0, 0, 0, 1, 0
1635343603666, 92.85, 100, XNYS, 93.08, 200, XNAS, 92.89, 25, EDGX, 46301, 4.39713e+06, 94.9683, 100, 1, 300, 2, 1, 0, 0, 0, 1, 0
1635343603666, 92.85, 100, XNYS, 93.08, 200, XNAS, 92.86, 7, EDGX, 46308, 4.39778e+06, 94.9679, 100, 1, 300, 2, 1, 0, 0, 0, 1, 0
1635343603666, 92.85, 100, XNYS, 93.08, 200, XNAS, 92.86, 1, EDGX, 46309, 4.39787e+06, 94.9679, 100, 1, 300, 2, 1, 0, 0, 0, 1, 0
1635343603666, 92.85, 100, XNYS, 93.08, 200, XNAS, 92.85, 1, XNAS, 46310, 4.39796e+06, 94.9678, 100, 1, 300, 2, 1, 0, 0, 0, 1, 0
1635343603666, 92.85, 100, XNYS, 93.08, 200, XNAS, 92.85, 3, XNAS, 46313, 4.39824e+06, 94.9677, 100, 1, 300, 2, 1, 0, 0, 0, 1, 0
1635343603666, 92.85, 100, XNYS, 93.08, 200, XNAS, 92.86, 60, EDGX, 46373, 4.40381e+06, 94.965, 100, 1, 300, 2, 1, 0, 0, 0, 1, 0
1635343603666, 92.85, 100, XNYS, 93.08, 200, XNAS, 92.85, 19, XNAS, 46392, 4.40558e+06, 94.9641, 100, 1, 300, 2, 1, 0, 0, 0, 1, 0
1635343603666, 92.85, 100, XNYS, 93.08, 200, XNAS, 92.85, 2, XNYS, 46394, 4.40576e+06, 94.964, 100, 1, 300, 2, 1, 0, 0, 0, 1, 0
1635343603666, 92.69, 100, BATY, 93.08, 200, XNAS, 92.85, 98, XNYS, 46492, 4.41486e+06, 94.9596, 100, 1, 300, 2, 1, 0, 0, 0, 1, 0
1635343603668, 92.58, 100, BATS, 93.08, 200, XNAS, 92.85, 40, XADF, 46532, 4.41857e+06, 94.9578, 400, 4, 300, 2, 1, 1, 0, 1, 0, 0
1635343603668, 92.75, 300, XNAS, 93.08, 200, XNAS, 92.75, 21, EDGX, 46553, 4.42052e+06, 94.9568, 300, 1, 300, 2, 1, 0, 0, 0, 1, 0
1635343603668, 92.75, 400, XNAS, 93.01, 100, XPSX, 92.75, 29, EDGX, 46582, 4.42321e+06, 94.9554, 900, 3, 100, 1, 1, 0, 0, 0, 1, 0
1635343606685, 92.59, 200, XNAS, 93.01, 100, IEXG, 92.602, 734, XADF, 47316, 4.49118e+06, 94.9189, 300, 2, 200, 2, 0, 1, 0, 0, 1, 0
1635343606685, 92.59, 200, XNAS, 93.01, 100, IEXG, 92.602, 1266, XADF, 48582, 4.60842e+06, 94.8585, 300, 2, 200, 2, 0, 1, 0, 0, 1, 0
1635343606690, 92.59, 300, XNAS, 93.15, 200, XCHI, 92.63, 83, XNAS, 48665, 4.6161e+06, 94.8547, 300, 1, 200, 1, 1, 0, 0, 0, 1, 0
1635343606690, 92.59, 300, XNAS, 93.08, 100, XNAS, 92.62, 100, XADF, 48765, 4.62537e+06, 94.8501, 300, 1, 100, 1, 0, 1, 0, 0, 1, 0
1635343606691, 92.59, 300, XNAS, 93.02, 100, EPRL, 92.59, 2, XADF, 48772, 4.62601e+06, 94.8498, 300, 1, 100, 1, 1, 1, 0, 0, 1, 0
1635343607876, 92.6, 100, IEXG, 93.16, 100, XNAS, 92.88, 2, XADF, 48774, 4.6262e+06, 94.8497, 300, 3, 100, 1, 1, 1, 1, 0, 0, 0
1635343611142, 92.6, 100, IEXG, 93.16, 200, XNAS, 92.88, 200, XADF, 48974, 4.64478e+06, 94.8417, 200, 2, 200, 1, 0, 1, 1, 0, 0, 0
1635343614645, 92.6, 100, IEXG, 93.16, 200, XNAS, 92.88, 300, XADF, 49274, 4.67264e+06, 94.8297, 200, 2, 200, 1, 0, 1, 1, 0, 0, 0
1635343614646, 92.6, 100, IEXG, 93.02, 100, EDGA, 92.9, 1, XADF, 49275, 4.67273e+06, 94.8297, 200, 2, 100, 1, 1, 1, 0, 1, 0, 0
1635343617052, 92.6, 100, IEXG, 93.02, 100, XNAS, 92.7828, 25, XADF, 49300, 4.67505e+06, 94.8286, 200, 2, 200, 2, 1, 1, 0, 0, 1, 0
1635343624959, 92.6, 100, IEXG, 93.02, 200, XNAS, 92.8157, 1, XADF, 49301, 4.67515e+06, 94.8286, 100, 1, 200, 1, 1, 1, 0, 1, 0, 0
1635343625685, 92.6, 100, IEXG, 93.02, 200, XNAS, 92.61, 37, XADF, 49338, 4.67857e+06, 94.8269, 100, 1, 300, 2, 1, 1, 0, 0, 1, 0
1635343637973, 92.6, 100, IEXG, 93.02, 200, XNAS, 92.61, 57, XADF, 49395, 4.68385e+06, 94.8244, 100, 1, 300, 2, 1, 1, 0, 0, 1, 0
1635343640122, 92.6, 100, IEXG, 93.02, 200, XNAS, 92.89, 100, EDGX, 49495, 4.69314e+06, 94.8205, 100, 1, 300, 2, 0, 1, 0, 1, 0, 0
1635343640274, 92.6, 100, IEXG, 93.02, 100, XNAS, 92.66, 30, XADF, 49525, 4.69592e+06, 94.8192, 100, 1, 200, 2, 1, 1, 0, 0, 1, 0
1635343656890, 92.6, 100, IEXG, 93.01, 200, XNAS, 92.805, 100, XADF, 49625, 4.7052e+06, 94.8151, 100, 1, 300, 2, 0, 1, 1, 0, 0, 0
1635343663711, 92.6, 100, IEXG, 92.98, 100, XNAS, 92.62, 13, XADF, 49638, 4.7064e+06, 94.8145, 200, 2, 100, 1, 1, 1, 0, 0, 1, 0
1635343665719, 92.6, 100, IEXG, 92.98, 100, IEXG, 92.61, 100, XADF, 49738, 4.71566e+06, 94.8101, 100, 1, 200, 2, 0, 1, 0, 0, 1, 0
1635343666228, 92.6, 100, IEXG, 92.98, 100, IEXG, 92.84, 100, XNAS, 49838, 4.72495e+06, 94.8061, 100, 1, 200, 2, 0, 1, 0, 1, 0, 0
1635343666228, 92.6, 100, IEXG, 92.98, 100, IEXG, 92.92, 1, XNAS, 49839, 4.72504e+06, 94.8061, 100, 1, 200, 2, 1, 0, 0, 1, 0, 0
1635343666228, 92.6, 100, IEXG, 92.98, 100, IEXG, 92.92, 67, XNAS, 49906, 4.73127e+06, 94.8036, 100, 1, 200, 2, 1, 0, 0, 1, 0, 0
1635343666228, 92.6, 100, IEXG, 92.98, 100, IEXG, 92.86, 2, EDGX, 49908, 4.73145e+06, 94.8035, 200, 2, 200, 2, 1, 0, 0, 1, 0, 0
1635343666228, 92.6, 100, IEXG, 92.98, 100, IEXG, 92.87, 100, EDGX, 50008, 4.74074e+06, 94.7996, 200, 2, 200, 2, 0, 1, 0, 1, 0, 0
1635343666228, 92.6, 100, XNAS, 92.98, 200, XNAS, 92.89, 100, IEXG, 50108, 4.75003e+06, 94.7958, 200, 2, 200, 1, 0, 1, 0, 1, 0, 0
1635343666228, 92.6, 100, XNAS, 92.98, 200, XNAS, 92.92, 33, IEXG, 50141, 4.7531e+06, 94.7946, 200, 2, 200, 1, 1, 0, 0, 1, 0, 0
1635343666228, 92.6, 100, XNAS, 92.98, 200, XNAS, 92.91, 1, BATS, 50142, 4.75319e+06, 94.7946, 200, 2, 200, 1, 1, 0, 0, 1, 0, 0
1635343666229, 92.6, 100, XNAS, 92.98, 100, XNAS, 92.93, 1, IEXG, 50143, 4.75328e+06, 94.7945, 200, 2, 100, 1, 1, 0, 0, 1, 0, 0
1635343666229, 92.6, 100, XNAS, 92.98, 100, XNAS, 92.95, 3, XNAS, 50146, 4.75356e+06, 94.7944, 200, 2, 100, 1, 1, 0, 0, 1, 0, 0
1635343666229, 92.6, 100, XNAS, 92.98, 100, XNAS, 92.93, 1, IEXG, 50147, 4.75365e+06, 94.7944, 200, 2, 100, 1, 1, 0, 0, 1, 0, 0
1635343666229, 92.6, 100, XNAS, 92.98, 100, XNAS, 92.95, 3, XNAS, 50150, 4.75393e+06, 94.7943, 200, 2, 100, 1, 1, 0, 0, 1, 0, 0
1635343666229, 92.6, 100, XNAS, 92.98, 100, XNAS, 92.95, 3, XNAS, 50153, 4.75421e+06, 94.7941, 200, 2, 100, 1, 1, 0, 0, 1, 0, 0
1635343666229, 92.6, 100, XNAS, 92.98, 100, XNAS, 92.95, 3, XNAS, 50156, 4.75449e+06, 94.794, 200, 2, 100, 1, 1, 0, 0, 1, 0, 0
1635343666229, 92.6, 100, XNAS, 92.98, 100, XNAS, 92.95, 3, XNAS, 50159, 4.75477e+06, 94.7939, 200, 2, 100, 1, 1, 0, 0, 1, 0, 0
1635343666229, 92.6, 100, XNAS, 92.98, 100, XNAS, 92.95, 3, XNAS, 50162, 4.75505e+06, 94.7938, 200, 2, 100, 1, 1, 0, 0, 1, 0, 0
1635343666230, 92.6, 100, XNAS, 92.98, 100, XNAS, 92.93, 1, IEXG, 50163, 4.75514e+06, 94.7938, 200, 2, 100, 1, 1, 0, 0, 1, 0, 0
1635343666230, 92.6, 100, XNAS, 92.98, 100, XNAS, 92.93, 1, IEXG, 50164, 4.75523e+06, 94.7937, 200, 2, 100, 1, 1, 0, 0, 1, 0, 0
1635343676598, 92.61, 100, IEXG, 92.92, 200, XNAS, 92.765, 70, XADF, 50234, 4.76173e+06, 94.7909, 100, 1, 200, 1, 1, 1, 1, 0, 0, 0
1635343688897, 92.61, 100, IEXG, 92.92, 200, XNAS, 92.6424, 77, XADF, 50311, 4.76886e+06, 94.7876, 100, 1, 200, 1, 1, 1, 0, 0, 1, 0
1635343692063, 92.61, 100, IEXG, 92.92, 200, XNAS, 92.7035, 15, XADF, 50326, 4.77025e+06, 94.787, 100, 1, 200, 1, 1, 1, 0, 0, 1, 0
1635343692990, 92.61, 100, IEXG, 92.92, 200, XNAS, 92.62, 2, BATY, 50328, 4.77044e+06, 94.7869, 100, 1, 200, 1, 1, 0, 0, 0, 1, 0
1635343698108, 92.61, 100, IEXG, 92.92, 200, XNAS, 92.77, 1, XNAS, 50329, 4.77053e+06, 94.7869, 100, 1, 200, 1, 1, 0, 0, 1, 0, 0
1635343698108, 92.61, 100, IEXG, 92.92, 200, XNAS, 92.77, 1, XNAS, 50330, 4.77062e+06, 94.7868, 100, 1, 200, 1, 1, 0, 0, 1, 0, 0
1635343698108, 92.61, 100, IEXG, 92.92, 200, XNAS, 92.77, 9, XNAS, 50339, 4.77146e+06, 94.7865, 100, 1, 200, 1, 1, 0, 0, 1, 0, 0
1635343698108, 92.61, 100, IEXG, 92.92, 200, XNAS, 92.77, 12, XNAS, 50351, 4.77257e+06, 94.786, 100, 1, 200, 1, 1, 0, 0, 1, 0, 0
1635343698108, 92.61, 100, IEXG, 92.92, 200, XNAS, 92.77, 6, XNAS, 50357, 4.77313e+06, 94.7858, 100, 1, 200, 1, 1, 0, 0, 1, 0, 0
1635343698108, 92.61, 100, IEXG, 92.92, 200, XNAS, 92.77, 3, XNAS, 50360, 4.7734e+06, 94.7856, 100, 1, 200, 1, 1, 0, 0, 1, 0, 0
1635343698108, 92.61, 100, IEXG, 92.92, 200, XNAS, 92.77, 3, XNAS, 50363, 4.77368e+06, 94.7855, 100, 1, 200, 1, 1, 0, 0, 1, 0, 0
1635343698108, 92.61, 100, IEXG, 92.92, 200, XNAS, 92.77, 3, XNAS, 50366, 4.77396e+06, 94.7854, 100, 1, 200, 1, 1, 0, 0, 1, 0, 0
1635343698108, 92.61, 100, IEXG, 92.92, 200, XNAS, 92.77, 3, XNAS, 50369, 4.77424e+06, 94.7853, 100, 1, 200, 1, 1, 0, 0, 1, 0, 0
1635343698108, 92.61, 100, IEXG, 92.92, 200, XNAS, 92.77, 3, XNAS, 50372, 4.77452e+06, 94.7852, 100, 1, 200, 1, 1, 0, 0, 1, 0, 0
1635343698795, 92.63, 100, XNAS, 92.92, 200, XNAS, 92.775, 33, EDGX, 50405, 4.77758e+06, 94.7838, 200, 2, 200, 1, 1, 0, 1, 0, 0, 0
1635343698795, 92.63, 100, XNAS, 92.92, 200, XNAS, 92.76, 17, EDGX, 50422, 4.77916e+06, 94.7832, 200, 2, 200, 1, 1, 0, 0, 0, 1, 0
1635343715495, 92.64, 100, XNAS, 92.92, 100, XNAS, 92.77, 19, XNAS, 50441, 4.78092e+06, 94.7824, 100, 1, 100, 1, 1, 0, 0, 0, 1, 0
1635343715495, 92.64, 100, XNAS, 92.92, 100, XNAS, 92.86, 62, XNAS, 50503, 4.78668e+06, 94.78, 100, 1, 100, 1, 1, 0, 0, 1, 0, 0
1635343715495, 92.64, 100, XNAS, 92.92, 100, XNAS, 92.86, 19, XNAS, 50522, 4.78844e+06, 94.7793, 100, 1, 100, 1, 1, 0, 0, 1, 0, 0
1635343715496, 92.65, 100, XNAS, 92.92, 100, XNAS, 92.92, 53, XNAS, 50575, 4.79337e+06, 94.7774, 100, 1, 100, 1, 1, 0, 0, 1, 0, 0
1635343715496, 92.65, 100, XNAS, 93.02, 100, XNYS, 92.92, 100, XNAS, 50675, 4.80266e+06, 94.7737, 100, 1, 100, 1, 0, 1, 0, 1, 0, 0
1635343715496, 92.65, 100, XNAS, 93.02, 100, XNYS, 92.92, 4, XNAS, 50679, 4.80303e+06, 94.7736, 100, 1, 100, 1, 1, 0, 0, 1, 0, 0
1635343715496, 92.65, 100, XNAS, 93.02, 100, XNYS, 92.95, 3, XNAS, 50682, 4.80331e+06, 94.7734, 100, 1, 100, 1, 1, 0, 0, 1, 0, 0
1635343715496, 92.65, 100, XNAS, 93.02, 100, XNYS, 92.96, 10, XNAS, 50692, 4.80424e+06, 94.7731, 100, 1, 100, 1, 1, 0, 0, 1, 0, 0
1635343715496, 92.76, 100, MEMX, 93.02, 100, XNYS, 92.78, 19, ARCX, 50711, 4.806e+06, 94.7723, 100, 1, 100, 1, 1, 0, 0, 0, 1, 0
1635343715496, 92.76, 100, MEMX, 93.09, 100, XNYS, 92.99, 10, EDGX, 50721, 4.80693e+06, 94.772, 100, 1, 100, 1, 1, 0, 0, 1, 0, 0
1635343715496, 92.76, 100, MEMX, 93.09, 100, XNYS, 93.01, 9, XNAS, 50730, 4.80777e+06, 94.7717, 100, 1, 100, 1, 1, 0, 0, 1, 0, 0
1635343715496, 92.76, 100, MEMX, 93.09, 100, XNYS, 92.8, 1, XNAS, 50731, 4.80786e+06, 94.7716, 100, 1, 100, 1, 1, 0, 0, 0, 1, 0
1635343741878, 92.76, 200, XNAS, 93.49, 100, XNYS, 92.9, 100, EDGA, 50831, 4.81715e+06, 94.768, 400, 3, 200, 2, 0, 1, 0, 0, 1, 0
1635343748322, 92.76, 200, XNAS, 93.48, 100, MEMX, 93.1195, 500, XADF, 51331, 4.86371e+06, 94.7519, 400, 3, 100, 1, 0, 1, 0, 0, 1, 0
1635343761681, 92.78, 100, EPRL, 93.48, 100, MEMX, 93.08, 100, XNAS, 51431, 4.87302e+06, 94.7487, 200, 2, 100, 1, 0, 1, 0, 0, 1, 0
1635343761982, 93.09, 100, XNAS, 93.48, 100, MEMX, 93.1, 100, XNAS, 51531, 4.88233e+06, 94.7455, 100, 1, 100, 1, 0, 1, 0, 0, 1, 0
1635343762283, 93.09, 100, IEXG, 93.48, 100, MEMX, 93.09, 100, XNAS, 51631, 4.89164e+06, 94.7422, 100, 1, 100, 1, 0, 1, 0, 0, 1, 0
1635343771850, 92.8, 100, IEXG, 93.48, 100, MEMX, 92.8, 2, XADF, 51633, 4.89182e+06, 94.7422, 200, 2, 100, 1, 1, 1, 0, 0, 1, 0
1635343811418, 92.81, 200, XNAS, 93.48, 100, EDGX, 93.15, 75, XADF, 51708, 4.89881e+06, 94.7399, 400, 3, 100, 1, 1, 1, 0, 1, 0, 0
1635343833950, 92.84, 200, XNAS, 93.48, 100, EDGX, 92.92, 100, XADF, 51808, 4.9081e+06, 94.7363, 300, 2, 100, 1, 0, 1, 0, 0, 1, 0
1635343833950, 92.84, 200, XNAS, 93.48, 100, EDGX, 92.88, 100, XADF, 51908, 4.91739e+06, 94.7328, 300, 2, 100, 1, 0, 1, 0, 0, 1, 0
1635343833951, 92.84, 200, XNAS, 93.48, 100, EDGX, 92.85, 100, XADF, 52008, 4.92667e+06, 94.7292, 300, 2, 100, 1, 0, 1, 0, 0, 1, 0
1635343833953, 92.84, 200, XNAS, 93.47, 200, XCHI, 92.89, 100, XADF, 52108, 4.93596e+06, 94.7256, 300, 2, 200, 1, 0, 1, 0, 0, 1, 0
1635343834088, 92.84, 200, XNAS, 93.48, 100, EDGX, 92.93, 100, XNAS, 52208, 4.94526e+06, 94.7222, 300, 2, 100, 1, 0, 1, 0, 0, 1, 0
1635343834089, 92.93, 100, XNAS, 93.32, 100, EPRL, 92.885, 100, XADF, 52308, 4.95454e+06, 94.7187, 100, 1, 200, 2, 0, 1, 0, 0, 1, 1
1635343834213, 92.93, 100, XNAS, 93.32, 100, EPRL, 92.855, 100, XADF, 52408, 4.96383e+06, 94.7151, 100, 1, 200, 2, 0, 1, 0, 0, 1, 1
1635343834389, 92.84, 300, XNAS, 93.32, 100, IEXG, 92.93, 99, XNAS, 52507, 4.97303e+06, 94.7118, 300, 1, 100, 1, 1, 0, 0, 0, 1, 0
1635343834389, 92.84, 300, XNAS, 93.32, 100, IEXG, 92.93, 1, XNAS, 52508, 4.97312e+06, 94.7117, 300, 1, 100, 1, 1, 0, 0, 0, 1, 0
1635343834389, 92.84, 200, XNAS, 93.32, 100, IEXG, 92.93, 48, XNAS, 52556, 4.97758e+06, 94.7101, 200, 1, 100, 1, 1, 0, 0, 0, 1, 0
1635343834389, 92.84, 200, XNAS, 93.32, 100, IEXG, 92.93, 3, XNAS, 52559, 4.97786e+06, 94.71, 200, 1, 100, 1, 1, 0, 0, 0, 1, 0
1635343834389, 92.84, 200, XNAS, 93.32, 100, IEXG, 92.93, 3, XNAS, 52562, 4.97814e+06, 94.7099, 200, 1, 100, 1, 1, 0, 0, 0, 1, 0
1635343834389, 92.84, 200, XNAS, 93.32, 100, IEXG, 92.93, 13, XNAS, 52575, 4.97935e+06, 94.7094, 200, 1, 100, 1, 1, 0, 0, 0, 1, 0
1635343834389, 92.84, 200, XNAS, 93.32, 100, IEXG, 92.93, 7, XNAS, 52582, 4.98e+06, 94.7092, 200, 1, 100, 1, 1, 0, 0, 0, 1, 0
1635343834389, 92.84, 200, XNAS, 93.32, 100, IEXG, 92.93, 1, XNAS, 52583, 4.98009e+06, 94.7092, 200, 1, 100, 1, 1, 0, 0, 0, 1, 0
1635343834389, 92.84, 200, XNAS, 93.32, 100, IEXG, 92.93, 23, XNAS, 52606, 4.98223e+06, 94.7084, 200, 1, 100, 1, 1, 0, 0, 0, 1, 0
1635343836395, 92.67, 200, XNAS, 93.32, 100, EPRL, 93.0175, 11, XADF, 52617, 4.98325e+06, 94.708, 400, 3, 200, 2, 1, 1, 0, 1, 0, 0
1635343857569, 92.67, 200, XNAS, 93.32, 100, EPRL, 92.6701, 85, XADF, 52702, 4.99113e+06, 94.7048, 400, 3, 100, 1, 1, 1, 0, 0, 1, 0
1635343867682, 92.67, 200, XNAS, 93.32, 100, EPRL, 92.75, 75, XADF, 52777, 4.99809e+06, 94.702, 300, 2, 100, 1, 1, 1, 0, 0, 1, 0
1635343873486, 92.67, 200, XNAS, 93.31, 100, EPRL, 92.7764, 1, XADF, 52778, 4.99818e+06, 94.7019, 300, 2, 200, 2, 1, 1, 0, 0, 1, 0
1635343873486, 92.67, 200, XNAS, 93.31, 100, EPRL, 92.7764, 10, XADF, 52788, 4.99911e+06, 94.7016, 300, 2, 200, 2, 1, 1, 0, 0, 1, 0
1635343877705, 92.67, 200, XNAS, 93.3, 100, EPRL, 92.6701, 140, XADF, 52928, 5.01208e+06, 94.6962, 300, 2, 200, 2, 0, 1, 0, 0, 1, 0
1635343891492, 92.67, 200, XNAS, 93.29, 100, EPRL, 92.85, 1, XNAS, 52929, 5.01217e+06, 94.6962, 300, 2, 200, 2, 1, 0, 0, 0, 1, 0
1635343891492, 92.67, 200, XNAS, 93.29, 100, EPRL, 92.82, 2, XNAS, 52931, 5.01236e+06, 94.6961, 300, 2, 200, 2, 1, 0, 0, 0, 1, 0
