timestamp, bid_price, bid_size, bid_exchange, ask_price, ask_size, ask_exchange, trade_price, trade_size, trade_exchange, volume, notional_volume, vwap, nbb_agg_size, nbb_no_of_exchange, nbo_agg_size, nbo_no_of_exchange, is_odd_lot, is_hidden_order, is_mid_order, is_buy_order, is_sell_order, is_trade_through 
1635341400386, 4.35, 200, XNAS, 4.49, 100, EDGX, 4.45, 200, XNAS, 13692, 61334.2, 4.47956, 500, 3, 200, 2, 0, 1, 0, 1, 0, 0
1635341400386, 4.35, 200, XNAS, 4.49, 100, EDGX, 4.45, 417, XNAS, 14109, 63189.8, 4.47869, 500, 3, 200, 2, 0, 1, 0, 1, 0, 0
1635341400386, 4.35, 200, XNAS, 4.49, 100, EDGX, 4.45, 558, XNAS, 14667, 65672.9, 4.4776, 500, 3, 200, 2, 0, 1, 0, 1, 0, 0
1635341400386, 4.35, 200, XNAS, 4.49, 100, EDGX, 4.45, 25, XNAS, 14692, 65784.2, 4.47755, 500, 3, 200, 2, 1, 0, 0, 1, 0, 0
1635341400389, 4.4, 1000, XNAS, 4.49, 100, EDGX, 4.48, 447, XADF, 15139, 67786.7, 4.47762, 1000, 1, 200, 2, 0, 1, 0, 1, 0, 0
1635341400389, 4.4, 1000, XNAS, 4.49, 100, EDGX, 4.48, 2262, XADF, 17401, 77920.5, 4.47793, 1000, 1, 200, 2, 0, 1, 0, 1, 0, 0
1635341400580, 4.4, 1000, XNAS, 4.49, 200, XNAS, 4.48, 25, XADF, 17426, 78032.5, 4.47793, 1000, 1, 400, 3, 1, 1, 0, 1, 0, 0
1635341400584, 4.4, 1000, XNAS, 4.49, 200, XNAS, 4.48, 7, XADF, 17433, 78063.8, 4.47793, 1000, 1, 400, 3, 1, 1, 0, 1, 0, 0
1635341400720, 4.4, 1000, XNAS, 4.49, 200, XNAS, 4.4, 150, XADF, 17583, 78723.8, 4.47727, 1000, 1, 400, 3, 0, 1, 0, 0, 1, 0
1635341403010, 4.4, 1000, XNAS, 4.49, 200, XNAS, 4.46, 20, XNAS, 17603, 78813, 4.47725, 1000, 1, 300, 2, 1, 0, 0, 1, 0, 0
1635341403658, 4.4, 1000, XNAS, 4.49, 200, XNAS, 4.48, 500, XADF, 18103, 81053, 4.47733, 1000, 1, 300, 2, 0, 1, 0, 1, 0, 0
1635341404134, 4.4, 1000, XNAS, 4.49, 200, XNAS, 4.48, 40, XADF, 18143, 81232.2, 4.47733, 1000, 1, 300, 2, 1, 1, 0, 1, 0, 0
1635341404169, 4.4, 1000, XNAS, 4.49, 200, XNAS, 4.48, 343, XADF, 18486, 82768.9, 4.47738, 1000, 1, 300, 2, 0, 1, 0, 1, 0, 0
1635341408813, 4.4, 1000, XNAS, 4.49, 200, XNAS, 4.445, 100, EDGX, 19165, 85807.3, 4.47729, 1000, 1, 300, 2, 0, 1, 1, 0, 0, 0
1635341418347, 4.4, 800, XNAS, 4.48, 100, BATS, 4.41, 20, XNAS, 19185, 85895.5, 4.47722, 800, 1, 100, 1, 1, 0, 0, 0, 1, 0
1635341418347, 4.4, 800, XNAS, 4.48, 100, BATS, 4.4, 12, XNAS, 19197, 85948.3, 4.47717, 800, 1, 100, 1, 1, 0, 0, 0, 1, 0
1635341418347, 4.4, 800, XNAS, 4.48, 100, BATS, 4.4, 168, XNAS, 19365, 86687.5, 4.4765, 800, 1, 100, 1, 0, 0, 0, 0, 1, 0
1635341433074, 4.4, 800, XNAS, 4.48, 100, BATS, 4.44, 20, XADF, 19385, 86776.3, 4.47647, 800, 1, 100, 1, 1, 1, 1, 0, 0, 0
1635341465369, 4.4, 800, XNAS, 4.48, 100, BATS, 4.44, 1, XADF, 19386, 86780.7, 4.47646, 800, 1, 100, 1, 1, 1, 1, 0, 0, 0
1635341543964, 4.4, 800, XNAS, 4.48, 100, BATS, 4.4194, 575, XADF, 19961, 89321.9, 4.47482, 800, 1, 100, 1, 0, 1, 0, 0, 1, 0
1635341553647, 4.4, 800, XNAS, 4.47, 100, EDGX, 4.4506, 446, XADF, 20407, 91306.8, 4.47429, 800, 1, 200, 2, 0, 1, 0, 1, 0, 0
1635341553653, 4.41, 300, XPSX, 4.47, 100, EDGX, 4.44, 4, XADF, 20411, 91324.6, 4.47428, 300, 1, 200, 2, 1, 1, 1, 0, 0, 0
1635341553663, 4.41, 300, XPSX, 4.47, 100, EDGX, 4.41, 1, XADF, 20412, 91329, 4.47428, 300, 1, 200, 2, 1, 1, 0, 0, 1, 0
1635341558943, 4.4, 800, XNAS, 4.47, 100, EDGX, 4.45, 100, XADF, 20515, 91787.3, 4.47416, 800, 1, 200, 2, 0, 1, 0, 1, 0, 0
1635341601084, 4.4, 700, XNAS, 4.46, 400, XNAS, 4.4, 100, XNAS, 20615, 92227.3, 4.4738, 700, 1, 600, 3, 0, 0, 0, 0, 1, 0
1635341648893, 4.4, 700, XNAS, 4.46, 400, XNAS, 4.43, 5, XADF, 20620, 92249.5, 4.47379, 700, 1, 600, 3, 1, 1, 1, 0, 0, 0
1635341670327, 4.4, 700, XNAS, 4.46, 400, XNAS, 4.45, 100, EDGX, 20721, 92698.9, 4.47367, 700, 1, 600, 3, 0, 1, 0, 1, 0, 0
1635341670327, 4.4, 700, XNAS, 4.46, 400, XNAS, 4.46, 100, EDGX, 20821, 93144.9, 4.4736, 700, 1, 600, 3, 0, 0, 0, 1, 0, 0
1635341670327, 4.4, 700, XNAS, 4.46, 400, XNAS, 4.46, 1000, EDGX, 21821, 97604.9, 4.47298, 700, 1, 600, 3, 0, 0, 0, 1, 0, 0
1635341670327, 4.4, 700, XNAS, 4.46, 400, XNAS, 4.46, 4075, EDGX, 25896, 115779, 4.47094, 700, 1, 500, 2, 0, 1, 0, 1, 0, 0
1635341670331, 4.41, 300, XPSX, 4.46, 400, XNAS, 4.4599, 100, XADF, 25996, 116225, 4.4709, 300, 1, 500, 2, 0, 1, 0, 1, 0, 0
1635341670332, 4.41, 300, XPSX, 4.46, 400, XNAS, 4.4599, 100, XADF, 26096, 116671, 4.47085, 300, 1, 500, 2, 0, 1, 0, 1, 0, 0
1635341670332, 4.41, 300, XPSX, 4.46, 400, XNAS, 4.4599, 100, XADF, 26196, 117117, 4.47081, 300, 1, 500, 2, 0, 1, 0, 1, 0, 0
1635341670334, 4.41, 300, XPSX, 4.46, 400, XNAS, 4.45, 20, ARCX, 26216, 117206, 4.4708, 300, 1, 400, 1, 1, 0, 0, 1, 0, 0
1635341670334, 4.41, 300, XPSX, 4.46, 400, XNAS, 4.45, 20, ARCX, 26216, 117206, 4.4708, 300, 1, 400, 1, 1, 0, 0, 1, 0, 0
1635341670334, 4.41, 300, XPSX, 4.46, 400, XNAS, 4.46, 5, ARCX, 26221, 117229, 4.47079, 300, 1, 400, 1, 1, 0, 0, 1, 0, 0
1635341670337, 4.42, 100, BATY, 4.46, 400, XNAS, 4.46, 4400, XADF, 30621, 136853, 4.46924, 300, 3, 400, 1, 0, 1, 0, 1, 0, 0
1635341680268, 4.44, 100, XNAS, 4.46, 100, XNAS, 4.46, 300, XNAS, 30921, 138191, 4.46915, 100, 1, 100, 1, 0, 0, 0, 1, 0, 0
1635341680268, 4.44, 100, XNAS, 4.49, 100, EDGX, 4.46, 100, XNAS, 31021, 138637, 4.46912, 100, 1, 200, 2, 0, 1, 0, 0, 1, 0
1635341680268, 4.44, 100, XNAS, 4.49, 100, EDGX, 4.46, 25, XNAS, 31046, 138748, 4.46912, 100, 1, 100, 1, 1, 0, 0, 0, 1, 0
1635341680268, 4.44, 100, XNAS, 4.49, 100, EDGX, 4.49, 100, BATS, 31146, 139197, 4.46918, 100, 1, 100, 1, 0, 1, 0, 1, 0, 0
1635341680268, 4.44, 100, XNAS, 4.49, 100, EDGX, 4.49, 100, EDGX, 31246, 139646, 4.46925, 100, 1, 100, 1, 0, 0, 0, 1, 0, 0
1635341680268, 4.4, 800, XNAS, 4.49, 100, EDGX, 4.44, 73, XNAS, 31319, 139970, 4.46918, 1200, 2, 100, 1, 1, 0, 0, 0, 1, 0
1635341680268, 4.44, 300, BATS, 4.48, 300, XPSX, 4.45, 300, XNAS, 31619, 141305, 4.469, 400, 2, 300, 1, 0, 1, 0, 0, 1, 0
1635341680268, 4.44, 400, BATS, 4.48, 300, XPSX, 4.44, 74, EDGX, 31693, 141634, 4.46893, 400, 1, 300, 1, 1, 0, 0, 0, 1, 0
1635341680268, 4.44, 400, BATS, 4.48, 300, XPSX, 4.44, 100, EDGX, 31793, 142078, 4.46884, 400, 1, 400, 2, 0, 1, 0, 0, 1, 0
1635341680268, 4.44, 400, BATS, 4.48, 300, XPSX, 4.44, 58, BATY, 31851, 142335, 4.46879, 400, 1, 500, 2, 1, 0, 0, 0, 1, 0
1635341680268, 4.44, 400, BATS, 4.48, 500, XNAS, 4.44, 83, MEMX, 31934, 142704, 4.46871, 400, 1, 800, 2, 1, 0, 0, 0, 1, 0
1635341680268, 4.44, 300, BATS, 4.47, 500, XNAS, 4.45, 29, BATS, 31963, 142833, 4.4687, 300, 1, 600, 2, 1, 0, 0, 0, 1, 0
1635341680268, 4.45, 100, MEMX, 4.47, 400, XNAS, 4.46, 95, ARCX, 32058, 143257, 4.46867, 100, 1, 600, 3, 1, 0, 1, 0, 0, 0
1635341680268, 4.45, 100, MEMX, 4.47, 400, XNAS, 4.46, 1, ARCX, 32059, 143261, 4.46867, 100, 1, 600, 3, 1, 0, 1, 0, 0, 0
1635341680268, 4.45, 100, BATS, 4.47, 400, XNAS, 4.47, 1, IEXG, 32060, 143266, 4.46867, 200, 2, 600, 3, 1, 0, 0, 1, 0, 0
1635341680268, 4.45, 100, BATS, 4.47, 400, XNAS, 4.44, 137, ARCX, 32197, 143874, 4.46855, 100, 1, 500, 2, 0, 1, 0, 0, 1, 1
1635341680268, 4.45, 100, XNYS, 4.47, 400, XNAS, 4.45, 100, ARCX, 32297, 144319, 4.46849, 300, 3, 1000, 3, 0, 0, 0, 0, 1, 0
1635341680268, 4.45, 100, XNYS, 4.47, 500, XNAS, 4.45, 100, XNYS, 32397, 144764, 4.46843, 200, 2, 1100, 3, 0, 0, 0, 0, 1, 0
1635341680268, 4.45, 100, BATS, 4.47, 600, XNAS, 4.45, 100, BATS, 32497, 145209, 4.46838, 100, 1, 1000, 2, 0, 0, 0, 0, 1, 0
1635341680272, 4.41, 300, XPSX, 4.46, 600, XNAS, 4.45, 100, EDGA, 32597, 145654, 4.46832, 300, 1, 1200, 3, 0, 1, 0, 1, 0, 0
1635341680273, 4.41, 300, XPSX, 4.46, 600, XNAS, 4.45, 100, IEXG, 32697, 146099, 4.46827, 300, 1, 1200, 3, 0, 1, 0, 1, 0, 0
1635341680274, 4.41, 300, XPSX, 4.46, 600, XNAS, 4.45, 58, BATY, 32755, 146357, 4.46823, 300, 1, 1200, 3, 1, 0, 0, 1, 0, 0
1635341680274, 4.41, 300, XPSX, 4.46, 600, XNAS, 4.45, 20, EDGX, 32775, 146446, 4.46822, 300, 1, 1200, 3, 1, 0, 0, 1, 0, 0
1635341707118, 4.4, 700, XNAS, 4.45, 600, XNAS, 4.4499, 5, XADF, 32780, 146468, 4.46822, 1700, 4, 600, 1, 1, 1, 0, 1, 0, 0
1635341707418, 4.44, 2000, EDGX, 4.45, 600, XNAS, 4.45, 300, XNAS, 33080, 147803, 4.46805, 2000, 1, 600, 1, 0, 0, 0, 1, 0, 0
1635341707418, 4.44, 2000, EDGX, 4.45, 300, XNAS, 4.45, 100, XNAS, 33180, 148248, 4.468, 2000, 1, 300, 1, 0, 0, 0, 1, 0, 0
1635341707418, 4.44, 2000, EDGX, 4.46, 400, BATS, 4.45, 100, XNAS, 33280, 148693, 4.46795, 2000, 1, 400, 1, 0, 1, 1, 0, 0, 0
1635341707418, 4.44, 2000, EDGX, 4.46, 400, BATS, 4.45, 100, XNAS, 33380, 149138, 4.46789, 2000, 1, 400, 1, 0, 1, 1, 0, 0, 0
1635341707418, 4.44, 2000, EDGX, 4.45, 100, MEMX, 4.45, 100, MEMX, 33480, 149583, 4.46784, 2000, 1, 100, 1, 0, 0, 0, 1, 0, 0
1635341783818, 4.44, 2000, EDGX, 4.46, 400, BATS, 4.44, 100, IEXG, 33580, 150027, 4.46775, 3500, 7, 400, 1, 0, 0, 0, 0, 1, 0
1635341783818, 4.44, 2000, EDGX, 4.46, 400, BATS, 4.44, 100, IEXG, 33680, 150471, 4.46767, 3500, 7, 400, 1, 0, 0, 0, 0, 1, 0
1635341795003, 4.44, 2000, EDGX, 4.46, 400, BATS, 4.4569, 100, XADF, 33780, 150917, 4.46764, 3300, 7, 400, 1, 0, 1, 0, 1, 0, 0
1635341807132, 4.44, 2000, EDGX, 4.46, 400, BATS, 4.45, 62, XADF, 33842, 151193, 4.46761, 3300, 7, 400, 1, 1, 1, 1, 0, 0, 0
1635341807133, 4.44, 2000, EDGX, 4.46, 400, BATS, 4.44, 100, XADF, 33942, 151637, 4.46753, 3000, 5, 500, 2, 0, 1, 0, 0, 1, 0
1635341807133, 4.44, 2000, EDGX, 4.46, 400, BATS, 4.44, 1300, XADF, 35242, 157409, 4.46651, 3000, 5, 500, 2, 0, 1, 0, 0, 1, 0
1635341807134, 4.44, 2000, EDGX, 4.46, 400, BATS, 4.44, 100, XADF, 35342, 157853, 4.46644, 3000, 5, 500, 2, 0, 1, 0, 0, 1, 0
1635341807134, 4.44, 2000, EDGX, 4.46, 400, BATS, 4.44, 100, XADF, 35442, 158297, 4.46636, 2800, 5, 500, 2, 0, 1, 0, 0, 1, 0
1635341807134, 4.44, 2000, EDGX, 4.46, 400, BATS, 4.45, 186, XADF, 35628, 159125, 4.46628, 2800, 5, 500, 2, 0, 1, 1, 0, 0, 0
1635341807134, 4.44, 2000, EDGX, 4.46, 400, BATS, 4.44, 100, XADF, 35728, 159569, 4.4662, 2800, 5, 500, 2, 0, 1, 0, 0, 1, 0
1635341807134, 4.44, 2000, EDGX, 4.46, 400, BATS, 4.44, 1200, XADF, 36928, 164897, 4.46535, 2800, 5, 500, 2, 0, 1, 0, 0, 1, 0
1635341807135, 4.44, 2000, EDGX, 4.46, 400, BATS, 4.44, 1400, XADF, 38328, 171113, 4.46443, 2800, 5, 500, 2, 0, 1, 0, 0, 1, 0
1635341807135, 4.44, 2000, EDGX, 4.46, 400, BATS, 4.44, 414, XADF, 38742, 172951, 4.46416, 2800, 5, 500, 2, 0, 1, 0, 0, 1, 0
1635341807135, 4.44, 2000, EDGX, 4.46, 400, BATS, 4.45, 100, XADF, 38842, 173396, 4.46413, 2800, 5, 500, 2, 0, 1, 1, 0, 0, 0
1635341807136, 4.44, 2000, EDGX, 4.46, 400, BATS, 4.44, 1186, XADF, 40028, 178662, 4.46341, 2800, 5, 500, 2, 0, 1, 0, 0, 1, 0
1635341807136, 4.44, 2000, EDGX, 4.46, 400, BATS, 4.44, 1800, XADF, 41828, 186654, 4.46241, 2800, 5, 500, 2, 0, 1, 0, 0, 1, 0
1635341807137, 4.44, 2000, EDGX, 4.46, 400, BATS, 4.44, 200, XADF, 42028, 187542, 4.4623, 2300, 3, 500, 2, 0, 1, 0, 0, 1, 0
1635341807139, 4.44, 2000, EDGX, 4.46, 400, BATS, 4.44, 300, XADF, 42328, 188874, 4.46214, 2300, 3, 500, 2, 0, 1, 0, 0, 1, 0
1635341807334, 4.44, 2000, EDGX, 4.46, 400, BATS, 4.45, 100, XADF, 42428, 189319, 4.46211, 2300, 3, 600, 3, 0, 1, 1, 0, 0, 0
1635341807341, 4.44, 2000, EDGX, 4.46, 400, BATS, 4.445, 14, XADF, 42442, 189381, 4.46211, 2300, 3, 600, 3, 1, 1, 0, 0, 1, 0
1635341807690, 4.44, 2000, EDGX, 4.46, 400, BATS, 4.44, 200, XADF, 42642, 190269, 4.462, 2300, 3, 600, 3, 0, 1, 0, 0, 1, 0
1635341807690, 4.44, 2000, EDGX, 4.46, 400, BATS, 4.44, 1600, XADF, 44242, 197373, 4.46121, 2300, 3, 600, 3, 0, 1, 0, 0, 1, 0
1635341807837, 4.44, 2000, EDGX, 4.46, 400, BATS, 4.445, 100, XADF, 44342, 197817, 4.46117, 2400, 3, 600, 3, 0, 1, 0, 0, 1, 0
1635341807842, 4.44, 2000, EDGX, 4.46, 400, BATS, 4.45, 100, XADF, 44442, 198262, 4.46115, 2400, 3, 600, 3, 0, 1, 1, 0, 0, 0
1635341807842, 4.44, 2000, EDGX, 4.46, 400, BATS, 4.45, 100, XADF, 44542, 198707, 4.46112, 2400, 3, 600, 3, 0, 1, 1, 0, 0, 0
1635341819008, 4.44, 2000, EDGX, 4.46, 400, BATS, 4.45, 100, XADF, 44642, 199152, 4.4611, 2500, 4, 600, 3, 0, 1, 1, 0, 0, 0
1635341827009, 4.44, 2000, EDGX, 4.46, 400, BATS, 4.45, 100, XADF, 44742, 199597, 4.46107, 2600, 4, 600, 3, 0, 1, 1, 0, 0, 0
1635341828956, 4.44, 2000, EDGX, 4.46, 400, BATS, 4.45, 100, XADF, 44842, 200042, 4.46105, 2600, 4, 600, 3, 0, 1, 1, 0, 0, 0
1635341837463, 4.44, 2000, EDGX, 4.46, 400, BATS, 4.44, 100, XADF, 44942, 200486, 4.461, 2400, 3, 700, 4, 0, 1, 0, 0, 1, 0
1635341837465, 4.44, 2000, EDGX, 4.46, 400, BATS, 4.44, 50, XADF, 44992, 200708, 4.46098, 2400, 3, 700, 4, 1, 1, 0, 0, 1, 0
1635341837468, 4.44, 2000, EDGX, 4.46, 400, BATS, 4.44, 50, XADF, 45042, 200930, 4.46095, 2400, 3, 700, 4, 1, 1, 0, 0, 1, 0
1635341837473, 4.44, 2000, EDGX, 4.46, 400, BATS, 4.44, 292, XADF, 45334, 202227, 4.46082, 2400, 3, 700, 4, 0, 1, 0, 0, 1, 0
1635341847285, 4.44, 2000, EDGX, 4.46, 400, BATS, 4.45, 100, IEXG, 45434, 202672, 4.46079, 2600, 4, 700, 4, 0, 1, 1, 0, 0, 0
1635341847285, 4.44, 2000, EDGX, 4.46, 400, BATS, 4.45, 100, IEXG, 45534, 203117, 4.46077, 2600, 4, 700, 4, 0, 1, 1, 0, 0, 0
1635341847337, 4.44, 2000, EDGX, 4.46, 400, BATS, 4.44, 191, XADF, 45725, 203965, 4.46068, 2400, 3, 700, 4, 0, 1, 0, 0, 1, 0
1635341847339, 4.44, 2000, EDGX, 4.46, 400, BATS, 4.44, 50, XADF, 45775, 204187, 4.46066, 2400, 3, 700, 4, 1, 1, 0, 0, 1, 0
1635341847340, 4.44, 2000, EDGX, 4.46, 400, BATS, 4.44, 50, XADF, 45825, 204409, 4.46064, 2400, 3, 700, 4, 1, 1, 0, 0, 1, 0
1635341848352, 4.44, 2000, EDGX, 4.46, 400, BATS, 4.4584, 1000, XADF, 46825, 208867, 4.46059, 2400, 3, 700, 4, 0, 1, 0, 1, 0, 0
1635341850196, 4.45, 100, XNAS, 4.46, 400, BATS, 4.45, 100, XNAS, 46925, 209312, 4.46057, 100, 1, 700, 4, 0, 0, 0, 0, 1, 0
1635341850196, 4.44, 2000, EDGX, 4.46, 400, BATS, 4.45, 100, XNAS, 47025, 209757, 4.46055, 2500, 4, 700, 4, 0, 1, 1, 0, 0, 0
1635341850196, 4.44, 2000, EDGX, 4.46, 400, BATS, 4.44, 100, XADF, 47125, 210201, 4.4605, 2400, 3, 700, 4, 0, 1, 0, 0, 1, 0
1635341850196, 4.44, 2000, EDGX, 4.46, 600, BATS, 4.44, 100, XADF, 47225, 210645, 4.46046, 2400, 3, 1000, 5, 0, 1, 0, 0, 1, 0
1635341850213, 4.44, 2000, EDGX, 4.46, 400, BATS, 4.45, 100, XADF, 47325, 211090, 4.46044, 2400, 3, 700, 4, 0, 1, 1, 0, 0, 0
1635341850213, 4.44, 2000, EDGX, 4.46, 400, BATS, 4.45, 100, XADF, 47425, 211535, 4.46041, 2400, 3, 700, 4, 0, 1, 1, 0, 0, 0
1635341850228, 4.44, 2000, EDGX, 4.46, 400, BATS, 4.45, 100, XADF, 47525, 211980, 4.46039, 2400, 3, 700, 4, 0, 1, 1, 0, 0, 0
1635341858363, 4.45, 300, XNAS, 4.46, 400, BATS, 4.45, 100, XNAS, 47625, 212425, 4.46037, 300, 1, 700, 4, 0, 0, 0, 0, 1, 0
1635341858364, 4.45, 200, XNAS, 4.46, 400, BATS, 4.45, 100, XNAS, 47725, 212870, 4.46035, 200, 1, 700, 4, 0, 0, 0, 0, 1, 0
1635341858364, 4.45, 500, MEMX, 4.46, 400, BATS, 4.44, 100, XADF, 47825, 213314, 4.46031, 800, 3, 700, 4, 0, 1, 0, 0, 1, 1
1635341858364, 4.45, 500, MEMX, 4.46, 400, BATS, 4.44, 100, XADF, 47925, 213758, 4.46026, 800, 3, 700, 4, 0, 1, 0, 0, 1, 1
1635341863989, 4.44, 2000, EDGX, 4.46, 400, BATS, 4.45, 100, XADF, 48025, 214203, 4.46024, 2400, 3, 700, 4, 0, 1, 1, 0, 0, 0
1635341863989, 4.44, 2000, EDGX, 4.46, 400, BATS, 4.45, 200, XADF, 48225, 215093, 4.4602, 2400, 3, 700, 4, 0, 1, 1, 0, 0, 0
1635341863990, 4.44, 2000, EDGX, 4.46, 400, BATS, 4.44, 100, XADF, 48325, 215537, 4.46016, 2400, 3, 700, 4, 0, 1, 0, 0, 1, 0
1635341863990, 4.44, 2000, EDGX, 4.46, 400, BATS, 4.44, 300, XADF, 48625, 216869, 4.46003, 2400, 3, 700, 4, 0, 1, 0, 0, 1, 0
1635341863991, 4.44, 2000, EDGX, 4.46, 400, BATS, 4.44, 100, XADF, 48725, 217313, 4.45999, 2400, 3, 700, 4, 0, 1, 0, 0, 1, 0
1635341863991, 4.44, 2000, EDGX, 4.46, 400, BATS, 4.45, 400, XADF, 49125, 219093, 4.45991, 2400, 3, 700, 4, 0, 1, 1, 0, 0, 0
1635341863992, 4.44, 2000, EDGX, 4.46, 400, BATS, 4.44, 100, XADF, 49225, 219537, 4.45987, 2400, 3, 700, 4, 0, 1, 0, 0, 1, 0
1635341863992, 4.44, 2000, EDGX, 4.46, 400, BATS, 4.44, 300, XADF, 49575, 221091, 4.45973, 2400, 3, 700, 4, 0, 1, 0, 0, 1, 0
1635341863993, 4.44, 2000, EDGX, 4.46, 400, BATS, 4.45, 100, XADF, 49675, 221536, 4.45971, 2400, 3, 700, 4, 0, 1, 1, 0, 0, 0
1635341863993, 4.44, 2000, EDGX, 4.46, 400, BATS, 4.45, 300, XADF, 49975, 222871, 4.45965, 2600, 4, 700, 4, 0, 1, 1, 0, 0, 0
1635341863993, 4.44, 2000, EDGX, 4.46, 400, BATS, 4.44, 400, XADF, 50375, 224647, 4.4595, 2600, 4, 700, 4, 0, 1, 0, 0, 1, 0
1635341863993, 4.44, 2000, EDGX, 4.46, 400, BATS, 4.448, 100, XADF, 50475, 225092, 4.45947, 2600, 4, 700, 4, 0, 1, 0, 0, 1, 0
1635341863994, 4.44, 2000, EDGX, 4.46, 400, BATS, 4.448, 100, XADF, 50575, 225537, 4.45945, 2600, 4, 700, 4, 0, 1, 0, 0, 1, 0
1635341863994, 4.44, 2000, EDGX, 4.46, 400, BATS, 4.45, 300, XADF, 50875, 226872, 4.4594, 2600, 4, 700, 4, 0, 1, 1, 0, 0, 0
1635341863994, 4.44, 2000, EDGX, 4.46, 400, BATS, 4.45, 100, XADF, 50975, 227317, 4.45938, 2600, 4, 700, 4, 0, 1, 1, 0, 0, 0
1635341863994, 4.44, 2000, EDGX, 4.46, 400, BATS, 4.44, 100, XADF, 51075, 227761, 4.45934, 2600, 4, 700, 4, 0, 1, 0, 0, 1, 0
1635341863995, 4.44, 2000, EDGX, 4.46, 400, BATS, 4.44, 300, XADF, 51375, 229093, 4.45923, 2600, 4, 700, 4, 0, 1, 0, 0, 1, 0
1635341863995, 4.44, 2000, EDGX, 4.46, 400, BATS, 4.448, 100, XADF, 51475, 229538, 4.4592, 2600, 4, 700, 4, 0, 1, 0, 0, 1, 0
1635341863995, 4.44, 2000, EDGX, 4.46, 400, BATS, 4.448, 100, XADF, 51575, 229982, 4.45918, 2600, 4, 700, 4, 0, 1, 0, 0, 1, 0
1635341863996, 4.44, 2000, EDGX, 4.46, 400, BATS, 4.45, 300, XADF, 51875, 231317, 4.45913, 2600, 4, 700, 4, 0, 1, 1, 0, 0, 0
1635341863996, 4.44, 2000, EDGX, 4.46, 400, BATS, 4.45, 100, XADF, 51975, 231762, 4.45911, 2600, 4, 700, 4, 0, 1, 1, 0, 0, 0
1635341863996, 4.44, 2000, EDGX, 4.46, 400, BATS, 4.44, 400, XADF, 52375, 233538, 4.45897, 2600, 4, 700, 4, 0, 1, 0, 0, 1, 0
1635341863997, 4.44, 2000, EDGX, 4.46, 400, BATS, 4.45, 400, XADF, 52775, 235318, 4.4589, 2600, 4, 700, 4, 0, 1, 1, 0, 0, 0
1635341863997, 4.44, 2000, EDGX, 4.46, 400, BATS, 4.44, 100, XADF, 52875, 235762, 4.45886, 2600, 4, 700, 4, 0, 1, 0, 0, 1, 0
1635341863997, 4.44, 2000, EDGX, 4.46, 400, BATS, 4.44, 200, XADF, 53075, 236650, 4.45879, 2600, 4, 700, 4, 0, 1, 0, 0, 1, 0
1635341863998, 4.44, 2000, EDGX, 4.46, 400, BATS, 4.44, 100, XADF, 53175, 237094, 4.45876, 2600, 4, 700, 4, 0, 1, 0, 0, 1, 0
1635341863998, 4.44, 2000, EDGX, 4.46, 400, BATS, 4.448, 100, XADF, 53275, 237539, 4.45874, 2600, 4, 700, 4, 0, 1, 0, 0, 1, 0
1635341863998, 4.44, 2000, EDGX, 4.46, 400, BATS, 4.448, 100, XADF, 53375, 237984, 4.45872, 2600, 4, 700, 4, 0, 1, 0, 0, 1, 0
1635341863998, 4.44, 2000, EDGX, 4.46, 400, BATS, 4.45, 100, XADF, 53475, 238429, 4.4587, 2600, 4, 700, 4, 0, 1, 1, 0, 0, 0
1635341863998, 4.44, 2000, EDGX, 4.46, 400, BATS, 4.45, 300, XADF, 53775, 239764, 4.45865, 2600, 4, 700, 4, 0, 1, 1, 0, 0, 0
1635341863999, 4.44, 2000, EDGX, 4.46, 400, BATS, 4.44, 400, XADF, 54175, 241540, 4.45851, 2600, 4, 700, 4, 0, 1, 0, 0, 1, 0
1635341863999, 4.44, 2000, EDGX, 4.46, 400, BATS, 4.448, 200, XADF, 54375, 242430, 4.45847, 2600, 4, 700, 4, 0, 1, 0, 0, 1, 0
1635341864002, 4.44, 2000, EDGX, 4.46, 400, BATS, 4.448, 200, XADF, 54575, 243319, 4.45844, 2600, 4, 700, 4, 0, 1, 0, 0, 1, 0
1635341864002, 4.44, 2000, EDGX, 4.46, 400, BATS, 4.4566, 1600, XADF, 56175, 250450, 4.45838, 2600, 4, 700, 4, 0, 1, 0, 1, 0, 0
1635341864002, 4.44, 2000, EDGX, 4.46, 400, BATS, 4.448, 200, XADF, 56375, 251339, 4.45835, 2600, 4, 700, 4, 0, 1, 0, 0, 1, 0
1635341864003, 4.44, 2000, EDGX, 4.46, 400, BATS, 4.448, 200, XADF, 56575, 252229, 4.45831, 2600, 4, 700, 4, 0, 1, 0, 0, 1, 0
1635341864143, 4.44, 2000, EDGX, 4.46, 400, BATS, 4.445, 200, XADF, 56825, 253340, 4.45825, 2600, 4, 700, 4, 0, 1, 0, 0, 1, 0
1635341864174, 4.44, 2000, EDGX, 4.46, 400, BATS, 4.445, 200, XADF, 57025, 254229, 4.4582, 2600, 4, 700, 4, 0, 1, 0, 0, 1, 0
1635341864188, 4.44, 2000, EDGX, 4.46, 400, BATS, 4.445, 100, XADF, 57125, 254673, 4.45818, 2600, 4, 700, 4, 0, 1, 0, 0, 1, 0
1635341864233, 4.44, 2000, EDGX, 4.46, 400, BATS, 4.445, 200, XADF, 57325, 255562, 4.45813, 2600, 4, 700, 4, 0, 1, 0, 0, 1, 0
1635341864233, 4.44, 2000, EDGX, 4.46, 400, BATS, 4.445, 200, XADF, 57525, 256451, 4.45809, 2600, 4, 700, 4, 0, 1, 0, 0, 1, 0
1635341864235, 4.44, 2000, EDGX, 4.46, 400, BATS, 4.445, 100, XADF, 57625, 256896, 4.45806, 2600, 4, 700, 4, 0, 1, 0, 0, 1, 0
1635341864236, 4.44, 2000, EDGX, 4.46, 400, BATS, 4.445, 100, XADF, 57725, 257340, 4.45804, 2600, 4, 700, 4, 0, 1, 0, 0, 1, 0
1635341864243, 4.44, 2000, EDGX, 4.46, 400, BATS, 4.445, 100, XADF, 57825, 257785, 4.45802, 2600, 4, 700, 4, 0, 1, 0, 0, 1, 0
1635341864245, 4.44, 2000, EDGX, 4.46, 400, BATS, 4.445, 200, XADF, 58025, 258674, 4.45797, 2600, 4, 700, 4, 0, 1, 0, 0, 1, 0
1635341867296, 4.44, 2000, EDGX, 4.46, 400, BATS, 4.44, 162, XADF, 58187, 259393, 4.45792, 2400, 3, 700, 4, 0, 1, 0, 0, 1, 0
1635341872553, 4.44, 2000, EDGX, 4.46, 400, BATS, 4.45, 100, IEXG, 58287, 259838, 4.45791, 2400, 3, 700, 4, 0, 1, 1, 0, 0, 0
1635341882391, 4.44, 2000, EDGX, 4.46, 400, BATS, 4.44, 62, XADF, 58349, 260113, 4.45789, 2400, 3, 600, 3, 1, 1, 0, 0, 1, 0
1635341882391, 4.44, 2000, EDGX, 4.46, 400, BATS, 4.44, 38, XADF, 58387, 260282, 4.45788, 2400, 3, 600, 3, 1, 1, 0, 0, 1, 0
1635341882392, 4.44, 2000, EDGX, 4.46, 400, BATS, 4.44, 52, XADF, 58439, 260513, 4.45786, 2400, 3, 600, 3, 1, 1, 0, 0, 1, 0
1635341882393, 4.44, 2000, EDGX, 4.46, 400, BATS, 4.44, 50, XADF, 58489, 260735, 4.45785, 2400, 3, 600, 3, 1, 1, 0, 0, 1, 0
1635341882399, 4.44, 2000, EDGX, 4.46, 400, BATS, 4.44, 50, XADF, 58539, 260957, 4.45783, 2400, 3, 600, 3, 1, 1, 0, 0, 1, 0
1635341897287, 4.44, 2000, EDGX, 4.46, 500, BATS, 4.44, 100, XADF, 58639, 261401, 4.4578, 2900, 4, 700, 3, 0, 1, 0, 0, 1, 0
1635341897289, 4.44, 2000, EDGX, 4.46, 500, BATS, 4.44, 50, XADF, 58689, 261623, 4.45779, 2800, 4, 700, 3, 1, 1, 0, 0, 1, 0
1635341897297, 4.44, 2000, EDGX, 4.46, 500, BATS, 4.44, 50, XADF, 58739, 261845, 4.45777, 2800, 4, 700, 3, 1, 1, 0, 0, 1, 0
1635341897491, 4.44, 2000, EDGX, 4.46, 500, BATS, 4.44, 48, XADF, 58787, 262058, 4.45776, 2400, 3, 700, 3, 1, 1, 0, 0, 1, 0
1635341897491, 4.44, 2000, EDGX, 4.46, 500, BATS, 4.44, 100, XADF, 58887, 262502, 4.45773, 2400, 3, 700, 3, 0, 1, 0, 0, 1, 0
1635341897491, 4.44, 2000, EDGX, 4.46, 500, BATS, 4.44, 38, XADF, 58925, 262671, 4.45772, 2400, 3, 700, 3, 1, 1, 0, 0, 1, 0
1635341897492, 4.44, 2000, EDGX, 4.46, 500, BATS, 4.44, 14, XADF, 58939, 262733, 4.45771, 2400, 3, 700, 3, 1, 1, 0, 0, 1, 0
1635341897492, 4.44, 2000, EDGX, 4.46, 500, BATS, 4.44, 100, XADF, 59039, 263177, 4.45768, 2400, 3, 700, 3, 0, 1, 0, 0, 1, 0
1635341897493, 4.44, 2000, EDGX, 4.46, 500, BATS, 4.44, 12, XADF, 59051, 263230, 4.45768, 2400, 3, 700, 3, 1, 1, 0, 0, 1, 0
1635341908141, 4.45, 300, XNAS, 4.46, 500, BATS, 4.45, 15, XNAS, 59066, 263297, 4.45768, 300, 1, 1100, 4, 1, 0, 0, 0, 1, 0
1635341908141, 4.45, 300, XNAS, 4.46, 500, BATS, 4.45, 45, XNAS, 59111, 263497, 4.45767, 300, 1, 1100, 4, 1, 0, 0, 0, 1, 0
1635341908141, 4.45, 300, XNAS, 4.46, 500, BATS, 4.45, 15, XNAS, 59126, 263564, 4.45767, 300, 1, 1100, 4, 1, 0, 0, 0, 1, 0
1635341908141, 4.45, 200, XNAS, 4.46, 500, BATS, 4.45, 15, XNAS, 59141, 263631, 4.45767, 200, 1, 1100, 4, 1, 0, 0, 0, 1, 0
1635341908141, 4.45, 200, XNAS, 4.46, 500, BATS, 4.45, 15, XNAS, 59156, 263698, 4.45766, 200, 1, 1100, 4, 1, 0, 0, 0, 1, 0
1635341908141, 4.45, 200, XNAS, 4.46, 500, BATS, 4.45, 15, XNAS, 59171, 263764, 4.45766, 200, 1, 1100, 4, 1, 0, 0, 0, 1, 0
1635341908142, 4.44, 2000, EDGX, 4.46, 500, BATS, 4.45, 280, XNAS, 59451, 265010, 4.45763, 2400, 3, 1100, 4, 0, 1, 1, 0, 0, 0
1635341908142, 4.45, 300, MEMX, 4.45, 100, XNAS, 4.44, 35, XNAS, 59486, 265166, 4.45762, 300, 1, 100, 1, 1, 0, 0, 0, 1, 1
1635341908142, 4.45, 300, MEMX, 4.45, 100, XNAS, 4.44, 100, XNAS, 59586, 265610, 4.45759, 600, 2, 100, 1, 0, 1, 0, 0, 1, 1
1635341908142, 4.45, 300, MEMX, 4.45, 100, XNAS, 4.44, 100, XNAS, 59686, 266054, 4.45756, 600, 2, 100, 1, 0, 1, 0, 0, 1, 1
1635341908142, 4.45, 300, EDGX, 4.46, 500, BATS, 4.45, 106, MEMX, 59792, 266525, 4.45754, 400, 2, 1200, 4, 0, 0, 0, 0, 1, 0
1635341908142, 4.45, 300, EDGX, 4.46, 500, BATS, 4.45, 194, MEMX, 59986, 267389, 4.45752, 300, 1, 1300, 4, 0, 1, 0, 0, 1, 0
1635341908142, 4.44, 2000, EDGX, 4.46, 800, MEMX, 4.45, 300, EDGX, 60286, 268724, 4.45748, 2200, 2, 2000, 4, 0, 1, 1, 0, 0, 0
1635341908142, 4.44, 2000, EDGX, 4.46, 800, MEMX, 4.44, 100, XADF, 60386, 269168, 4.45745, 2200, 2, 2000, 4, 0, 1, 0, 0, 1, 0
1635341908142, 4.44, 1700, EDGX, 4.45, 800, MEMX, 4.44, 300, EDGX, 60686, 270500, 4.45737, 1900, 2, 900, 2, 0, 0, 0, 0, 1, 0
1635341908142, 4.44, 200, ARCX, 4.45, 800, MEMX, 4.44, 1700, EDGX, 62386, 278048, 4.45689, 200, 1, 900, 2, 0, 1, 0, 0, 1, 0
1635341908142, 4.44, 200, ARCX, 4.45, 800, MEMX, 4.44, 15, ARCX, 62401, 278114, 4.45689, 200, 1, 1000, 3, 1, 0, 0, 0, 1, 0
1635341908142, 4.44, 200, ARCX, 4.45, 800, MEMX, 4.44, 15, ARCX, 62416, 278181, 4.45689, 200, 1, 1500, 4, 1, 0, 0, 0, 1, 0
1635341908142, 4.44, 200, ARCX, 4.45, 800, MEMX, 4.44, 15, ARCX, 62431, 278248, 4.45688, 200, 1, 1500, 4, 1, 0, 0, 0, 1, 0
1635341908142, 4.44, 200, ARCX, 4.45, 800, MEMX, 4.44, 15, ARCX, 62446, 278314, 4.45688, 200, 1, 1500, 4, 1, 0, 0, 0, 1, 0
1635341908142, 4.44, 100, ARCX, 4.45, 800, MEMX, 4.44, 30, ARCX, 62476, 278447, 4.45687, 100, 1, 1500, 4, 1, 0, 0, 0, 1, 0
1635341908142, 4.44, 100, ARCX, 4.45, 800, MEMX, 4.45, 100, XADF, 62576, 278892, 4.45686, 100, 1, 1500, 4, 0, 1, 0, 1, 0, 0
1635341908143, 4.43, 200, ARCX, 4.45, 800, MEMX, 4.44, 189, ARCX, 62765, 279732, 4.45681, 200, 1, 1500, 4, 0, 1, 1, 0, 0, 0
1635341909497, 4.43, 200, ARCX, 4.44, 200, XNAS, 4.43, 3, ARCX, 62768, 279745, 4.45681, 300, 2, 400, 3, 1, 0, 0, 0, 1, 0
1635341912926, 4.43, 200, ARCX, 4.44, 200, XNAS, 4.439, 100, XBOS, 62868, 280189, 4.45678, 300, 2, 400, 3, 0, 1, 0, 1, 0, 0
1635341912931, 4.43, 200, ARCX, 4.44, 200, XNAS, 4.44, 100, XADF, 62968, 280633, 4.45675, 300, 2, 400, 3, 0, 1, 0, 1, 0, 0
1635341912934, 4.43, 200, ARCX, 4.44, 200, XNAS, 4.44, 200, XADF, 63168, 281521, 4.4567, 300, 2, 400, 3, 0, 1, 0, 1, 0, 0
1635341912945, 4.43, 200, ARCX, 4.44, 200, XNAS, 4.44, 100, XADF, 63268, 281965, 4.45667, 300, 2, 400, 3, 0, 1, 0, 1, 0, 0
1635341916225, 4.43, 200, ARCX, 4.44, 200, XNAS, 4.44, 1000, XADF, 64268, 286405, 4.45641, 300, 2, 400, 3, 0, 1, 0, 1, 0, 0
1635341918758, 4.43, 200, ARCX, 4.44, 200, XNAS, 4.4396, 960, XADF, 65228, 290667, 4.45616, 300, 2, 400, 3, 0, 1, 0, 1, 0, 0
1635341932115, 4.43, 200, ARCX, 4.44, 200, XNAS, 4.435, 100, XADF, 65328, 291110, 4.45613, 300, 2, 400, 3, 0, 1, 1, 0, 0, 0
1635341949839, 4.43, 200, MEMX, 4.44, 300, ARCX, 4.436, 1000, XADF, 66328, 295546, 4.45583, 500, 3, 700, 4, 0, 1, 0, 1, 0, 0
1635341966543, 4.43, 200, MEMX, 4.44, 200, ARCX, 4.44, 200, XNAS, 66528, 296434, 4.45578, 500, 3, 400, 3, 0, 1, 0, 1, 0, 0
1635341966543, 4.43, 200, MEMX, 4.44, 100, EDGX, 4.44, 1, BATY, 66529, 296439, 4.45578, 600, 4, 200, 2, 1, 0, 0, 1, 0, 0
1635341966543, 4.43, 200, MEMX, 4.44, 100, MEMX, 4.44, 100, EDGX, 66629, 296883, 4.45576, 600, 4, 100, 1, 0, 1, 0, 1, 0, 0
1635341966543, 4.43, 200, MEMX, 4.44, 100, MEMX, 4.44, 100, MEMX, 66729, 297327, 4.45573, 600, 4, 100, 1, 0, 0, 0, 1, 0, 0
1635341966544, 4.44, 600, MEMX, 4.45, 400, BATS, 4.44, 138, XADF, 66867, 297939, 4.4557, 600, 1, 500, 2, 0, 1, 0, 0, 1, 0
1635341966545, 4.43, 200, ARCX, 4.45, 400, BATS, 4.44, 50, XADF, 66917, 298161, 4.45569, 600, 4, 500, 2, 1, 1, 1, 0, 0, 0
1635341966545, 4.43, 200, ARCX, 4.45, 400, BATS, 4.44, 100, XADF, 67017, 298605, 4.45567, 600, 4, 500, 2, 0, 1, 1, 0, 0, 0
1635341966545, 4.43, 200, ARCX, 4.45, 400, BATS, 4.44, 112, XADF, 67129, 299103, 4.45564, 600, 4, 500, 2, 0, 1, 1, 0, 0, 0
1635341966545, 4.43, 200, ARCX, 4.45, 400, BATS, 4.44, 284, XADF, 67413, 300364, 4.45557, 600, 4, 500, 2, 0, 1, 1, 0, 0, 0
1635341966550, 4.43, 200, MEMX, 4.45, 400, BATS, 4.43, 200, MEMX, 67613, 301250, 4.4555, 600, 4, 500, 2, 0, 0, 0, 0, 1, 0
1635341979824, 4.43, 200, ARCX, 4.44, 600, MEMX, 4.43, 2, XADF, 67615, 301258, 4.4555, 300, 2, 700, 2, 1, 1, 0, 0, 1, 0
1635342001249, 4.43, 300, MEMX, 4.44, 600, MEMX, 4.4399, 100, XADF, 67716, 301707, 4.45547, 600, 3, 700, 2, 0, 1, 0, 1, 0, 0
1635342006048, 4.43, 300, MEMX, 4.44, 600, MEMX, 4.4381, 200, XADF, 67916, 302595, 4.45542, 600, 3, 800, 3, 0, 1, 0, 1, 0, 0
1635342011346, 4.43, 200, MEMX, 4.44, 600, MEMX, 4.43, 94, MEMX, 68010, 303011, 4.45539, 500, 3, 800, 3, 1, 0, 0, 0, 1, 0
1635342011346, 4.43, 200, MEMX, 4.44, 600, MEMX, 4.43, 206, MEMX, 68216, 303924, 4.45531, 500, 3, 800, 3, 0, 0, 0, 0, 1, 0
1635342011346, 4.43, 200, ARCX, 4.44, 600, MEMX, 4.43, 100, XNYS, 68316, 304367, 4.45527, 300, 2, 800, 3, 0, 0, 0, 0, 1, 0
1635342011346, 4.42, 100, EDGX, 4.44, 600, MEMX, 4.43, 285, ARCX, 68601, 305629, 4.45517, 100, 1, 800, 3, 0, 1, 1, 0, 0, 0
1635342011346, 4.42, 100, EDGX, 4.44, 600, MEMX, 4.43, 52, MEMX, 68653, 305859, 4.45515, 100, 1, 800, 3, 1, 0, 1, 0, 0, 0
1635342011346, 4.42, 100, EDGX, 4.44, 600, MEMX, 4.43, 4, MEMX, 68657, 305877, 4.45515, 100, 1, 800, 3, 1, 0, 1, 0, 0, 0
1635342024355, 4.42, 100, EDGX, 4.44, 600, MEMX, 4.4201, 300, XADF, 68957, 307203, 4.455, 100, 1, 700, 2, 0, 1, 0, 0, 1, 0
1635342033775, 4.42, 100, EDGX, 4.44, 600, MEMX, 4.4217, 3150, XADF, 72107, 321132, 4.45354, 100, 1, 700, 2, 0, 1, 0, 0, 1, 0
1635342034009, 4.42, 100, EDGX, 4.44, 600, MEMX, 4.43, 100, XADF, 72207, 321575, 4.45351, 100, 1, 700, 2, 0, 1, 1, 0, 0, 0
1635342034567, 4.42, 100, EDGX, 4.44, 600, MEMX, 4.44, 100, XBOS, 72307, 322019, 4.45349, 100, 1, 700, 2, 0, 1, 0, 1, 0, 0
1635342034568, 4.42, 100, EDGX, 4.44, 600, MEMX, 4.44, 100, EDGA, 72407, 322463, 4.45347, 200, 2, 800, 3, 0, 1, 0, 1, 0, 0
1635342035459, 4.42, 100, EDGX, 4.44, 600, MEMX, 4.4225, 250, XADF, 72657, 323568, 4.45337, 200, 2, 900, 4, 0, 1, 0, 0, 1, 0
1635342040815, 4.42, 100, EDGX, 4.44, 600, MEMX, 4.42, 1, XADF, 72658, 323573, 4.45336, 200, 2, 900, 4, 1, 1, 0, 0, 1, 0
1635342081757, 4.42, 200, XNYS, 4.44, 600, MEMX, 4.44, 600, MEMX, 73258, 326237, 4.45326, 500, 4, 800, 3, 0, 0, 0, 1, 0, 0
1635342081757, 4.42, 200, XNYS, 4.45, 400, BATS, 4.44, 100, XBOS, 73358, 326681, 4.45324, 500, 4, 500, 2, 0, 1, 0, 1, 0, 0
1635342081757, 4.42, 200, XNYS, 4.45, 400, BATS, 4.44, 100, XNAS, 73458, 327125, 4.45322, 500, 4, 500, 2, 0, 1, 0, 1, 0, 0
1635342081758, 4.42, 200, XNYS, 4.45, 400, BATS, 4.44, 34, MEMX, 73492, 327276, 4.45321, 1100, 6, 500, 2, 1, 0, 0, 1, 0, 0
1635342081761, 4.42, 400, ARCX, 4.45, 400, BATS, 4.45, 100, XNAS, 73592, 327721, 4.45321, 1200, 7, 400, 1, 0, 1, 0, 1, 0, 0
1635342081761, 4.43, 100, XNAS, 4.46, 300, XNAS, 4.45, 425, BATS, 74017, 329612, 4.45319, 100, 1, 300, 1, 0, 1, 0, 1, 0, 0
1635342081761, 4.43, 100, XNAS, 4.46, 300, XNAS, 4.45, 29, BATS, 74046, 329741, 4.45319, 100, 1, 300, 1, 1, 0, 0, 1, 0, 0
1635342081761, 4.43, 100, XNAS, 4.46, 300, XNAS, 4.45, 1, BATS, 74047, 329745, 4.45319, 100, 1, 300, 1, 1, 0, 0, 1, 0, 0
1635342081761, 4.43, 200, EDGX, 4.46, 600, XNAS, 4.44, 50, XADF, 74097, 329967, 4.45318, 600, 5, 600, 1, 1, 1, 0, 0, 1, 0
1635342081761, 4.44, 500, IEXG, 4.46, 600, XNAS, 4.44, 300, XADF, 74397, 331299, 4.45313, 500, 1, 600, 1, 0, 1, 0, 0, 1, 0
1635342081762, 4.44, 500, IEXG, 4.46, 600, XNAS, 4.44, 100, XADF, 74497, 331743, 4.45311, 600, 2, 700, 2, 0, 1, 0, 0, 1, 0
1635342081762, 4.44, 500, IEXG, 4.46, 600, XNAS, 4.44, 100, XADF, 74597, 332187, 4.45309, 600, 2, 700, 2, 0, 1, 0, 0, 1, 0
1635342081762, 4.42, 500, IEXG, 4.46, 600, XNAS, 4.44, 100, XADF, 74697, 332631, 4.45307, 900, 4, 700, 2, 0, 1, 1, 0, 0, 0
1635342081763, 4.42, 500, IEXG, 4.46, 600, XNAS, 4.44, 100, XADF, 74797, 333075, 4.45306, 900, 4, 700, 2, 0, 1, 1, 0, 0, 0
1635342081764, 4.42, 500, IEXG, 4.46, 600, XNAS, 4.46, 145, XNAS, 74992, 333944, 4.45306, 900, 4, 700, 2, 0, 0, 0, 1, 0, 0
1635342081764, 4.42, 500, IEXG, 4.46, 500, XNAS, 4.44, 100, XADF, 75092, 334388, 4.45304, 900, 4, 600, 2, 0, 1, 1, 0, 0, 0
1635342087010, 4.42, 200, XNYS, 4.46, 500, XNAS, 4.44, 12, XADF, 75104, 334441, 4.45304, 600, 5, 600, 2, 1, 1, 1, 0, 0, 0
1635342087011, 4.42, 200, XNYS, 4.46, 500, XNAS, 4.44, 50, XADF, 75154, 334663, 4.45303, 600, 5, 600, 2, 1, 1, 1, 0, 0, 0
1635342087012, 4.42, 200, XNYS, 4.46, 500, XNAS, 4.44, 50, XADF, 75204, 334885, 4.45302, 600, 5, 600, 2, 1, 1, 1, 0, 0, 0
1635342087467, 4.42, 200, XNYS, 4.46, 500, XNAS, 4.4599, 7687, XADF, 82979, 369559, 4.45365, 500, 4, 600, 2, 0, 1, 0, 1, 0, 0
1635342101274, 4.42, 200, XNYS, 4.46, 500, XNAS, 4.4599, 4000, XADF, 86979, 387399, 4.45394, 400, 3, 600, 2, 0, 1, 0, 1, 0, 0
1635342102026, 4.42, 200, XNYS, 4.46, 500, XNAS, 4.44, 1500, XADF, 88479, 394059, 4.4537, 400, 3, 600, 2, 0, 1, 1, 0, 0, 0
1635342102027, 4.42, 200, XNYS, 4.46, 500, XNAS, 4.44, 2500, XADF, 90979, 405159, 4.45332, 400, 3, 600, 2, 0, 1, 1, 0, 0, 0
1635342102028, 4.42, 200, XNYS, 4.46, 500, XNAS, 4.44, 50, XADF, 91029, 405381, 4.45332, 400, 3, 600, 2, 1, 1, 1, 0, 0, 0
1635342102038, 4.42, 200, XNYS, 4.46, 500, XNAS, 4.44, 50, XADF, 91079, 405603, 4.45331, 400, 3, 600, 2, 1, 1, 1, 0, 0, 0
1635342102268, 4.42, 200, XNYS, 4.46, 500, XNAS, 4.4592, 38, XADF, 91117, 405772, 4.45331, 500, 4, 700, 3, 1, 1, 0, 1, 0, 0
1635342102400, 4.42, 200, XNYS, 4.46, 500, XNAS, 4.44, 13, XADF, 91130, 405830, 4.45331, 500, 4, 600, 2, 1, 1, 1, 0, 0, 0
1635342102852, 4.42, 200, XNYS, 4.46, 500, XNAS, 4.44, 4000, XADF, 95130, 423590, 4.45275, 500, 4, 700, 3, 0, 1, 1, 0, 0, 0
1635342103621, 4.42, 200, XNYS, 4.46, 500, XNAS, 4.44, 4000, XADF, 99130, 441350, 4.45223, 400, 3, 700, 3, 0, 1, 1, 0, 0, 0
1635342104315, 4.42, 200, XNYS, 4.46, 500, XNAS, 4.44, 4000, XADF, 103130, 459110, 4.45176, 500, 4, 700, 3, 0, 1, 1, 0, 0, 0
1635342104718, 4.42, 200, XNYS, 4.46, 500, XNAS, 4.44, 100, XADF, 103230, 459554, 4.45175, 500, 4, 700, 3, 0, 1, 1, 0, 0, 0
1635342112497, 4.42, 200, XNYS, 4.46, 500, XNAS, 4.46, 3000, XADF, 106230, 472934, 4.45198, 700, 5, 700, 3, 0, 1, 0, 1, 0, 0
1635342113516, 4.42, 200, XNYS, 4.46, 500, XNAS, 4.46, 3000, XADF, 109230, 486314, 4.4522, 700, 5, 700, 3, 0, 1, 0, 1, 0, 0
1635342117351, 4.42, 200, XBOS, 4.46, 500, XNAS, 4.44, 100, XADF, 109330, 486758, 4.45219, 900, 6, 700, 3, 0, 1, 1, 0, 0, 0
1635342117353, 4.42, 200, XBOS, 4.46, 500, XNAS, 4.44, 50, XADF, 109380, 486980, 4.45219, 900, 6, 700, 3, 1, 1, 1, 0, 0, 0
1635342117353, 4.42, 200, XBOS, 4.46, 500, XNAS, 4.44, 50, XADF, 109430, 487202, 4.45218, 900, 6, 700, 3, 1, 1, 1, 0, 0, 0
1635342123004, 4.43, 2100, EDGX, 4.46, 500, XNAS, 4.44, 100, XADF, 109530, 487646, 4.45217, 3200, 4, 700, 3, 0, 1, 0, 0, 1, 0
1635342123005, 4.43, 2100, EDGX, 4.46, 500, XNAS, 4.445, 100, XADF, 109630, 488091, 4.45216, 3200, 4, 700, 3, 0, 1, 1, 0, 0, 0
1635342123006, 4.43, 2100, EDGX, 4.46, 500, XNAS, 4.44, 50, XADF, 109680, 488313, 4.45216, 3200, 4, 700, 3, 1, 1, 0, 0, 1, 0
1635342123006, 4.43, 2100, EDGX, 4.46, 500, XNAS, 4.4593, 100, XADF, 109780, 488758, 4.45216, 3200, 4, 700, 3, 0, 1, 0, 1, 0, 0
1635342123017, 4.43, 2100, EDGX, 4.46, 500, XNAS, 4.459, 100, XADF, 109880, 489204, 4.45217, 3200, 4, 700, 3, 0, 1, 0, 1, 0, 0
1635342123038, 4.43, 2100, EDGX, 4.46, 500, XNAS, 4.4594, 100, XADF, 109980, 489650, 4.45218, 3200, 4, 700, 3, 0, 1, 0, 1, 0, 0
1635342123047, 4.43, 2100, EDGX, 4.46, 500, XNAS, 4.445, 100, XADF, 110080, 490095, 4.45217, 3200, 4, 700, 3, 0, 1, 1, 0, 0, 0
1635342123083, 4.43, 2100, EDGX, 4.46, 500, XNAS, 4.44, 100, XADF, 110180, 490539, 4.45216, 3200, 4, 700, 3, 0, 1, 0, 0, 1, 0
1635342123085, 4.43, 2100, EDGX, 4.46, 500, XNAS, 4.4594, 100, XADF, 110280, 490985, 4.45216, 3200, 4, 700, 3, 0, 1, 0, 1, 0, 0
1635342123116, 4.43, 2100, EDGX, 4.46, 400, XNAS, 4.46, 100, XNAS, 110380, 491431, 4.45217, 3200, 4, 600, 3, 0, 0, 0, 1, 0, 0
1635342123116, 4.43, 2100, EDGX, 4.46, 400, XNAS, 4.46, 100, XBOS, 110480, 491877, 4.45218, 3200, 4, 500, 2, 0, 1, 0, 1, 0, 0
1635342123116, 4.43, 2100, EDGX, 4.46, 300, XNAS, 4.46, 100, XBOS, 110580, 492323, 4.45219, 3200, 4, 400, 2, 0, 1, 0, 1, 0, 0
1635342123116, 4.43, 2100, EDGX, 4.46, 100, MEMX, 4.46, 55, XNAS, 110635, 492568, 4.45219, 3200, 4, 100, 1, 1, 0, 0, 1, 0, 0
1635342123116, 4.43, 2100, EDGX, 4.46, 100, MEMX, 4.46, 50, XNAS, 110685, 492791, 4.45219, 3200, 4, 100, 1, 1, 0, 0, 1, 0, 0
1635342123116, 4.43, 2100, EDGX, 4.46, 100, MEMX, 4.46, 300, XNAS, 110985, 494129, 4.45221, 3200, 4, 100, 1, 0, 1, 0, 1, 0, 0
1635342123116, 4.44, 200, XNAS, 4.46, 100, MEMX, 4.46, 10, XBOS, 110995, 494174, 4.45222, 200, 1, 100, 1, 1, 0, 0, 1, 0, 0
1635342123116, 4.44, 200, XNAS, 4.46, 100, MEMX, 4.46, 5, XBOS, 111000, 494196, 4.45222, 200, 1, 100, 1, 1, 0, 0, 1, 0, 0
1635342123116, 4.44, 200, XNAS, 4.47, 100, MEMX, 4.46, 100, MEMX, 111100, 494642, 4.45222, 300, 2, 100, 1, 0, 1, 0, 1, 0, 0
1635342123116, 4.45, 100, IEXG, 4.47, 100, MEMX, 4.45, 95, MEMX, 111195, 495065, 4.45222, 100, 1, 100, 1, 1, 0, 0, 0, 1, 0
1635342123116, 4.45, 100, IEXG, 4.47, 100, MEMX, 4.46, 1, IEXG, 111196, 495069, 4.45222, 100, 1, 100, 1, 1, 0, 1, 0, 0, 0
1635342123268, 4.43, 2100, EDGX, 4.48, 3200, BATS, 4.47, 1, ARCX, 111197, 495074, 4.45222, 3600, 4, 3500, 3, 1, 0, 0, 1, 0, 0
1635342123268, 4.45, 100, ARCX, 4.48, 3200, BATS, 4.48, 193, ARCX, 111390, 495938, 4.45227, 200, 2, 3500, 3, 0, 0, 0, 1, 0, 0
1635342123268, 4.45, 100, XNYS, 4.48, 3200, BATS, 4.48, 180, BATS, 111570, 496745, 4.45231, 200, 2, 3300, 2, 0, 0, 0, 1, 0, 0
1635342123273, 4.45, 100, ARCX, 4.48, 3000, BATS, 4.4799, 1, XADF, 111571, 496749, 4.45231, 200, 2, 3000, 1, 1, 1, 0, 1, 0, 0
1635342123300, 4.45, 100, MEMX, 4.48, 2500, BATS, 4.48, 499, BATS, 112070, 498985, 4.45244, 200, 2, 2500, 1, 0, 0, 0, 1, 0, 0
1635342123334, 4.44, 300, XNAS, 4.49, 2900, XNAS, 4.49, 499, XADF, 112569, 501225, 4.4526, 400, 2, 3100, 3, 0, 1, 0, 1, 0, 0
1635342138035, 4.46, 100, ARCX, 4.49, 3200, BATS, 4.46, 100, XADF, 112669, 501671, 4.45261, 200, 2, 3500, 4, 0, 1, 0, 0, 1, 0
1635342138036, 4.46, 100, ARCX, 4.49, 3200, BATS, 4.46, 100, XADF, 112769, 502117, 4.45262, 200, 2, 3500, 4, 0, 1, 0, 0, 1, 0
1635342138036, 4.46, 100, ARCX, 4.49, 3200, BATS, 4.46, 100, XADF, 112869, 502563, 4.45262, 200, 2, 3500, 4, 0, 1, 0, 0, 1, 0
1635342138036, 4.46, 100, ARCX, 4.49, 3200, BATS, 4.46, 100, XADF, 112969, 503009, 4.45263, 200, 2, 3500, 4, 0, 1, 0, 0, 1, 0
1635342138038, 4.46, 100, ARCX, 4.49, 3200, BATS, 4.46, 100, XADF, 113069, 503455, 4.45264, 200, 2, 3500, 4, 0, 1, 0, 0, 1, 0
1635342138385, 4.46, 100, ARCX, 4.49, 3200, BATS, 4.46, 100, XADF, 113169, 503901, 4.45264, 200, 2, 3500, 4, 0, 1, 0, 0, 1, 0
1635342138703, 4.46, 100, ARCX, 4.49, 3200, BATS, 4.46, 100, XADF, 113269, 504347, 4.45265, 200, 2, 3500, 4, 0, 1, 0, 0, 1, 0
1635342142398, 4.46, 100, ARCX, 4.49, 3200, BATS, 4.4899, 200, XADF, 113469, 505245, 4.45272, 200, 2, 3500, 4, 0, 1, 0, 1, 0, 0
1635342142400, 4.46, 100, ARCX, 4.49, 3200, BATS, 4.46, 100, XADF, 113569, 505691, 4.45272, 200, 2, 3500, 4, 0, 1, 0, 0, 1, 0
1635342144027, 4.46, 100, ARCX, 4.49, 3200, BATS, 4.46, 100, XADF, 113669, 506137, 4.45273, 100, 1, 3500, 4, 0, 1, 0, 0, 1, 0
1635342144029, 4.46, 100, ARCX, 4.49, 3200, BATS, 4.46, 50, XADF, 113719, 506360, 4.45273, 100, 1, 3500, 4, 1, 1, 0, 0, 1, 0
1635342144030, 4.46, 100, ARCX, 4.49, 3200, BATS, 4.46, 50, XADF, 113769, 506583, 4.45273, 100, 1, 3500, 4, 1, 1, 0, 0, 1, 0
1635342146003, 4.46, 100, ARCX, 4.49, 3200, BATS, 4.46, 100, XADF, 113869, 507029, 4.45274, 100, 1, 3500, 4, 0, 1, 0, 0, 1, 0
1635342146005, 4.47, 200, XNYS, 4.49, 3200, BATS, 4.47, 100, XNYS, 113969, 507476, 4.45276, 200, 1, 3500, 4, 0, 0, 0, 0, 1, 0
1635342146005, 4.48, 200, XNYS, 4.49, 3200, BATS, 4.48, 100, XNYS, 114069, 507924, 4.45278, 200, 1, 3500, 4, 0, 0, 0, 0, 1, 0
1635342146005, 4.48, 200, XNYS, 4.49, 3200, BATS, 4.48, 100, XNYS, 114169, 508372, 4.4528, 200, 1, 3500, 4, 0, 0, 0, 0, 1, 0
1635342146005, 4.47, 300, XNYS, 4.49, 3200, BATS, 4.48, 100, XNYS, 114269, 508820, 4.45283, 300, 1, 3500, 4, 0, 1, 1, 0, 0, 0
1635342146009, 4.46, 300, XNYS, 4.49, 3200, BATS, 4.46, 20, XNAS, 114289, 508909, 4.45283, 400, 2, 3500, 4, 1, 0, 0, 0, 1, 0
1635342146009, 4.46, 300, XNYS, 4.48, 200, XNAS, 4.48, 76, XNYS, 114365, 509250, 4.45285, 400, 2, 400, 3, 1, 0, 0, 1, 0, 0
1635342146009, 4.46, 200, XNYS, 4.48, 200, XNAS, 4.46, 4, XNYS, 114369, 509268, 4.45285, 300, 2, 400, 3, 1, 0, 0, 0, 1, 0
1635342146010, 4.46, 200, XNYS, 4.47, 100, MEMX, 4.46, 100, XADF, 114469, 509714, 4.45285, 300, 2, 100, 1, 0, 1, 0, 0, 1, 0
1635342148349, 4.46, 200, XNYS, 4.49, 3200, BATS, 4.46, 100, XADF, 114569, 510160, 4.45286, 400, 3, 3500, 4, 0, 1, 0, 0, 1, 0
1635342149284, 4.46, 200, XNYS, 4.49, 3200, BATS, 4.46, 100, MEMX, 114669, 510606, 4.45287, 400, 3, 3400, 3, 0, 0, 0, 0, 1, 0
1635342149284, 4.46, 100, XNYS, 4.49, 3200, BATS, 4.46, 100, XNYS, 114769, 511052, 4.45287, 200, 2, 4200, 4, 0, 0, 0, 0, 1, 0
1635342154795, 4.47, 100, EPRL, 4.49, 3200, BATS, 4.47, 300, XADF, 115069, 512393, 4.45292, 100, 1, 3400, 3, 0, 1, 0, 0, 1, 0
1635342154797, 4.47, 100, EPRL, 4.49, 3200, BATS, 4.47, 50, XADF, 115119, 512616, 4.45292, 100, 1, 3400, 3, 1, 1, 0, 0, 1, 0
1635342154799, 4.47, 100, EPRL, 4.49, 3200, BATS, 4.47, 50, XADF, 115169, 512840, 4.45293, 100, 1, 3400, 3, 1, 1, 0, 0, 1, 0
1635342156367, 4.47, 100, EPRL, 4.49, 3200, BATS, 4.4895, 500, XADF, 115669, 515084, 4.45309, 100, 1, 3400, 3, 0, 1, 0, 1, 0, 0
1635342156369, 4.47, 100, EPRL, 4.49, 3200, BATS, 4.48, 500, XADF, 116169, 517324, 4.45321, 100, 1, 3400, 3, 0, 1, 1, 0, 0, 0
1635342156545, 4.47, 100, EPRL, 4.49, 3200, BATS, 4.4895, 500, XADF, 116669, 519569, 4.45336, 100, 1, 3400, 3, 0, 1, 0, 1, 0, 0
1635342156556, 4.47, 100, EPRL, 4.49, 3200, BATS, 4.48, 500, XADF, 117169, 521809, 4.45347, 100, 1, 3400, 3, 0, 1, 1, 0, 0, 0
1635342158356, 4.47, 100, EPRL, 4.49, 3200, BATS, 4.4895, 500, XADF, 117669, 524054, 4.45363, 100, 1, 3400, 3, 0, 1, 0, 1, 0, 0
1635342158362, 4.47, 100, EPRL, 4.49, 3200, BATS, 4.48, 500, XADF, 118169, 526294, 4.45374, 100, 1, 3400, 3, 0, 1, 1, 0, 0, 0
1635342158541, 4.47, 100, EPRL, 4.49, 100, EDGX, 4.48, 100, XADF, 118269, 526742, 4.45376, 100, 1, 200, 2, 0, 1, 1, 0, 0, 0
1635342158541, 4.47, 100, EPRL, 4.49, 100, EDGX, 4.48, 100, XADF, 118369, 527190, 4.45378, 100, 1, 200, 2, 0, 1, 1, 0, 0, 0
1635342158542, 4.47, 100, EPRL, 4.49, 100, EDGX, 4.47, 100, XADF, 118469, 527637, 4.4538, 100, 1, 200, 2, 0, 1, 0, 0, 1, 0
1635342158544, 4.47, 100, EPRL, 4.49, 100, EDGX, 4.49, 100, EDGX, 118569, 528086, 4.45383, 100, 1, 200, 2, 0, 0, 0, 1, 0, 0
1635342158545, 4.47, 100, EPRL, 4.49, 200, XNAS, 4.48, 7, ARCX, 118576, 528117, 4.45383, 400, 4, 300, 2, 1, 0, 1, 0, 0, 0
1635342158545, 4.47, 300, BATS, 4.49, 100, EDGX, 4.47, 100, XADF, 118676, 528564, 4.45384, 1300, 8, 200, 2, 0, 1, 0, 0, 1, 0
1635342158545, 4.47, 100, EPRL, 4.48, 100, ARCX, 4.48, 90, ARCX, 118766, 528967, 4.45386, 300, 3, 100, 1, 1, 0, 0, 1, 0, 0
1635342158545, 4.47, 100, EPRL, 4.48, 100, ARCX, 4.48, 10, ARCX, 118776, 529012, 4.45386, 300, 3, 100, 1, 1, 0, 0, 1, 0, 0
1635342158545, 4.47, 100, EPRL, 4.49, 100, XNAS, 4.48, 100, ARCX, 118876, 529460, 4.45389, 300, 3, 200, 2, 0, 1, 1, 0, 0, 0
1635342158545, 4.47, 100, EPRL, 4.48, 100, ARCX, 4.47, 100, XADF, 118976, 529907, 4.4539, 500, 5, 100, 1, 0, 1, 0, 0, 1, 0
1635342158546, 4.47, 100, EPRL, 4.49, 100, XNAS, 4.48, 10, ARCX, 118986, 529952, 4.4539, 300, 3, 200, 2, 1, 0, 1, 0, 0, 0
1635342158546, 4.47, 100, EPRL, 4.48, 100, ARCX, 4.48, 10, ARCX, 118996, 529997, 4.4539, 300, 3, 100, 1, 1, 0, 0, 1, 0, 0
1635342158546, 4.47, 100, EPRL, 4.48, 100, ARCX, 4.48, 30, ARCX, 119026, 530131, 4.45391, 300, 3, 100, 1, 1, 0, 0, 1, 0, 0
1635342158546, 4.47, 100, EPRL, 4.48, 100, ARCX, 4.47, 200, XADF, 119226, 531025, 4.45394, 200, 2, 200, 2, 0, 1, 0, 0, 1, 0
1635342158546, 4.47, 100, EPRL, 4.48, 100, ARCX, 4.47, 100, XADF, 119326, 531472, 4.45395, 200, 2, 200, 2, 0, 1, 0, 0, 1, 0
1635342158546, 4.47, 100, EPRL, 4.48, 100, ARCX, 4.47, 100, XADF, 119426, 531919, 4.45397, 200, 2, 200, 2, 0, 1, 0, 0, 1, 0
1635342158547, 4.47, 100, EPRL, 4.48, 100, ARCX, 4.48, 100, XNAS, 119526, 532367, 4.45399, 200, 2, 200, 2, 0, 1, 0, 1, 0, 0
1635342158550, 4.47, 100, EPRL, 4.48, 100, ARCX, 4.49, 100, XADF, 119626, 532816, 4.45402, 200, 2, 200, 2, 0, 1, 0, 1, 0, 1
1635342158553, 4.47, 100, EPRL, 4.48, 100, ARCX, 4.5, 200, XADF, 119826, 533716, 4.45409, 200, 2, 200, 2, 0, 1, 0, 1, 0, 1
1635342158594, 4.47, 100, EPRL, 4.48, 100, ARCX, 4.474, 100, XADF, 119926, 534164, 4.45411, 200, 2, 200, 2, 0, 1, 0, 0, 1, 0
1635342160446, 4.47, 100, EPRL, 4.48, 100, MEMX, 4.474, 100, XADF, 120026, 534611, 4.45413, 100, 1, 200, 2, 0, 1, 0, 0, 1, 0
1635342160447, 4.47, 100, EPRL, 4.48, 100, MEMX, 4.474, 300, XADF, 120326, 535953, 4.45418, 100, 1, 200, 2, 0, 1, 0, 0, 1, 0
1635342160447, 4.47, 100, EPRL, 4.48, 100, MEMX, 4.474, 400, XADF, 120726, 537743, 4.45424, 100, 1, 200, 2, 0, 1, 0, 0, 1, 0
1635342160450, 4.43, 2100, EDGX, 4.48, 100, MEMX, 4.48, 100, XADF, 120826, 538191, 4.45426, 3900, 4, 200, 2, 0, 1, 0, 1, 0, 0
1635342160450, 4.44, 300, XPSX, 4.48, 100, MEMX, 4.48, 93, XADF, 120919, 538608, 4.45428, 300, 1, 200, 2, 1, 1, 0, 1, 0, 0
1635342160591, 4.43, 2100, EDGX, 4.48, 100, MEMX, 4.476, 1100, XADF, 122019, 543531, 4.45448, 3000, 3, 200, 2, 0, 1, 0, 1, 0, 0
1635342160592, 4.44, 300, XPSX, 4.48, 100, MEMX, 4.476, 1400, XADF, 123419, 549798, 4.45472, 300, 1, 200, 2, 0, 1, 0, 1, 0, 0
1635342162220, 4.43, 2100, EDGX, 4.48, 100, MEMX, 4.479, 200, XBOS, 123619, 550693, 4.45476, 3000, 3, 200, 2, 0, 1, 0, 1, 0, 0
1635342162221, 4.44, 300, XPSX, 4.48, 100, ARCX, 4.48, 36, MEMX, 123655, 550855, 4.45477, 300, 1, 100, 1, 1, 0, 0, 1, 0, 0
1635342162221, 4.45, 100, MEMX, 4.49, 100, XNAS, 4.48, 50, ARCX, 123705, 551079, 4.45478, 100, 1, 200, 2, 1, 0, 0, 1, 0, 0
1635342162221, 4.45, 100, MEMX, 4.49, 100, XNAS, 4.48, 5, ARCX, 123710, 551101, 4.45478, 100, 1, 200, 2, 1, 0, 0, 1, 0, 0
1635342162227, 4.45, 100, MEMX, 4.49, 100, XNAS, 4.476, 1300, XADF, 125010, 556920, 4.455, 100, 1, 200, 2, 0, 1, 0, 1, 0, 0
1635342162233, 4.45, 100, MEMX, 4.49, 100, XNAS, 4.475, 100, XADF, 125110, 557367, 4.45502, 100, 1, 200, 2, 0, 1, 0, 1, 0, 0
1635342163671, 4.43, 2100, EDGX, 4.48, 100, MEMX, 4.475, 100, XADF, 125210, 557815, 4.45503, 3000, 3, 100, 1, 0, 1, 0, 1, 0, 0
1635342176834, 4.43, 3100, BATS, 4.49, 100, EDGX, 4.49, 100, XNAS, 125310, 558264, 4.45506, 6200, 5, 100, 1, 0, 1, 0, 1, 0, 0
1635342176835, 4.48, 200, MEMX, 4.49, 800, XNAS, 4.48, 100, BATS, 125410, 558712, 4.45508, 500, 4, 900, 2, 0, 0, 0, 0, 1, 0
1635342176835, 4.48, 100, EDGX, 4.49, 800, XNAS, 4.48, 95, ARCX, 125505, 559137, 4.4551, 500, 5, 900, 2, 1, 0, 0, 0, 1, 0
1635342176835, 4.48, 400, ARCX, 4.49, 900, XNAS, 4.46, 292, XADF, 125797, 560440, 4.45511, 800, 5, 1000, 2, 0, 1, 0, 0, 1, 1
1635342176835, 4.48, 400, ARCX, 4.49, 900, XNAS, 4.47, 100, XADF, 125897, 560887, 4.45512, 800, 5, 1000, 2, 0, 1, 0, 0, 1, 1
1635342176835, 4.48, 200, ARCX, 4.49, 600, XNAS, 4.49, 292, XNAS, 126197, 562233, 4.4552, 600, 5, 700, 2, 0, 0, 0, 1, 0, 0
1635342176835, 4.48, 200, ARCX, 4.49, 500, XNAS, 4.49, 8, XNAS, 126205, 562269, 4.45521, 600, 5, 600, 2, 1, 0, 0, 1, 0, 0
1635342176835, 4.48, 200, ARCX, 4.49, 500, XNAS, 4.49, 100, XNAS, 126305, 562718, 4.45523, 600, 5, 600, 2, 0, 0, 0, 1, 0, 0
1635342176835, 4.48, 200, ARCX, 4.49, 300, XNAS, 4.49, 140, XNAS, 126445, 563347, 4.45527, 500, 4, 400, 2, 0, 0, 0, 1, 0, 0
1635342176835, 4.48, 200, ARCX, 4.49, 300, XNAS, 4.49, 100, XNAS, 126545, 563796, 4.4553, 500, 4, 400, 2, 0, 0, 0, 1, 0, 0
1635342176835, 4.48, 200, ARCX, 4.49, 300, XNAS, 4.49, 100, XNAS, 126645, 564245, 4.45533, 500, 4, 400, 2, 0, 0, 0, 1, 0, 0
1635342176835, 4.48, 200, ARCX, 4.49, 100, EDGX, 4.49, 100, XNAS, 126745, 564694, 4.45536, 500, 4, 200, 2, 0, 1, 0, 1, 0, 0
1635342176835, 4.48, 200, ARCX, 4.49, 100, EDGX, 4.49, 95, XNAS, 126840, 565121, 4.45538, 500, 4, 200, 2, 1, 0, 0, 1, 0, 0
1635342176835, 4.48, 200, ARCX, 4.49, 100, EDGX, 4.46, 240, XADF, 127080, 566191, 4.45539, 500, 4, 200, 2, 0, 1, 0, 0, 1, 1
1635342176836, 4.48, 200, ARCX, 4.49, 100, EDGX, 4.49, 100, MEMX, 127180, 566640, 4.45542, 400, 3, 100, 1, 0, 1, 0, 1, 0, 0
1635342176836, 4.48, 100, ARCX, 4.49, 100, EDGX, 4.48, 15, ARCX, 127195, 566707, 4.45542, 200, 2, 100, 1, 1, 0, 0, 0, 1, 0
1635342176836, 4.48, 100, MEMX, 4.49, 100, EDGX, 4.48, 15, ARCX, 127210, 566774, 4.45542, 100, 1, 100, 1, 1, 0, 0, 0, 1, 0
1635342176836, 4.48, 100, MEMX, 4.49, 100, EDGX, 4.48, 15, ARCX, 127225, 566842, 4.45543, 100, 1, 100, 1, 1, 0, 0, 0, 1, 0
1635342176836, 4.48, 100, MEMX, 4.49, 100, EDGX, 4.48, 15, ARCX, 127240, 566909, 4.45543, 100, 1, 100, 1, 1, 0, 0, 0, 1, 0
1635342176836, 4.48, 100, MEMX, 4.49, 100, EDGX, 4.48, 15, ARCX, 127255, 566976, 4.45543, 100, 1, 100, 1, 1, 0, 0, 0, 1, 0
1635342176836, 4.48, 100, MEMX, 4.49, 100, EDGX, 4.48, 100, XADF, 127355, 567424, 4.45545, 100, 1, 100, 1, 0, 1, 0, 0, 1, 0
1635342176836, 4.48, 100, MEMX, 4.49, 100, EDGX, 4.48, 75, ARCX, 127430, 567760, 4.45547, 100, 1, 100, 1, 1, 0, 0, 0, 1, 0
1635342176836, 4.48, 100, MEMX, 4.49, 100, EDGX, 4.48, 100, XADF, 127530, 568208, 4.45548, 100, 1, 100, 1, 0, 1, 0, 0, 1, 0
1635342176837, 4.48, 100, MEMX, 4.49, 100, EDGX, 4.48, 100, XADF, 127630, 568656, 4.4555, 100, 1, 100, 1, 0, 1, 0, 0, 1, 0
1635342176840, 4.48, 100, MEMX, 4.49, 100, EDGX, 4.46, 100, XADF, 127730, 569102, 4.45551, 100, 1, 100, 1, 0, 1, 0, 0, 1, 1
1635342178286, 4.44, 100, IEXG, 4.49, 100, MEMX, 4.465, 200, XADF, 127930, 569995, 4.45552, 100, 1, 200, 2, 0, 1, 1, 0, 0, 0
1635342178363, 4.44, 100, IEXG, 4.49, 100, MEMX, 4.46, 100, XADF, 128030, 570441, 4.45553, 100, 1, 200, 2, 0, 1, 0, 0, 1, 0
1635342178363, 4.44, 100, IEXG, 4.49, 100, MEMX, 4.465, 200, XADF, 128230, 571334, 4.45554, 100, 1, 200, 2, 0, 1, 1, 0, 0, 0
1635342178655, 4.44, 100, IEXG, 4.49, 100, MEMX, 4.47, 600, XADF, 128830, 574016, 4.45561, 100, 1, 200, 2, 0, 1, 0, 1, 0, 0
1635342179172, 4.44, 100, IEXG, 4.49, 100, MEMX, 4.48, 100, XADF, 128930, 574464, 4.45563, 100, 1, 200, 2, 0, 1, 0, 1, 0, 0
1635342179511, 4.44, 100, IEXG, 4.49, 100, MEMX, 4.49, 100, EDGX, 129030, 574913, 4.45565, 100, 1, 200, 2, 0, 0, 0, 1, 0, 0
1635342179511, 4.44, 300, XPSX, 4.49, 100, MEMX, 4.49, 340, EDGX, 129370, 576440, 4.45574, 400, 2, 100, 1, 0, 1, 0, 1, 0, 0
1635342179512, 4.46, 100, EDGX, 4.49, 300, EDGX, 4.46, 100, XADF, 129470, 576886, 4.45575, 100, 1, 400, 2, 0, 1, 0, 0, 1, 0
1635342179512, 4.46, 100, EDGX, 4.49, 300, EDGX, 4.46, 100, XADF, 129570, 577332, 4.45575, 100, 1, 400, 2, 0, 1, 0, 0, 1, 0
1635342179513, 4.44, 300, XPSX, 4.49, 300, EDGX, 4.46, 100, XADF, 129670, 577778, 4.45575, 400, 2, 400, 2, 0, 1, 0, 0, 1, 0
1635342179513, 4.44, 300, XPSX, 4.49, 300, EDGX, 4.49, 60, XADF, 129730, 578047, 4.45577, 400, 2, 400, 2, 1, 1, 0, 1, 0, 0
1635342179518, 4.44, 300, XPSX, 4.49, 300, EDGX, 4.46, 200, XADF, 129930, 578939, 4.45578, 400, 2, 300, 1, 0, 1, 0, 0, 1, 0
1635342179518, 4.44, 300, XPSX, 4.49, 300, EDGX, 4.46, 127, XADF, 130057, 579505, 4.45578, 400, 2, 300, 1, 0, 1, 0, 0, 1, 0
1635342181091, 4.44, 100, IEXG, 4.49, 300, EDGX, 4.49, 100, XNAS, 130157, 579954, 4.45581, 100, 1, 300, 1, 0, 1, 0, 1, 0, 0
1635342181092, 4.44, 300, XPSX, 4.49, 100, EDGX, 4.49, 200, EDGX, 130357, 580852, 4.45586, 400, 2, 200, 2, 0, 0, 0, 1, 0, 0
1635342181093, 4.44, 900, BATS, 4.49, 100, EDGX, 4.46, 100, XADF, 130457, 581298, 4.45586, 1300, 3, 200, 2, 0, 1, 0, 0, 1, 0
1635342182098, 4.44, 100, IEXG, 4.49, 100, EDGX, 4.49, 100, XNAS, 130557, 581747, 4.45589, 100, 1, 200, 2, 0, 1, 0, 1, 0, 0
1635342182099, 4.44, 300, XPSX, 4.49, 100, MEMX, 4.49, 100, EDGX, 130657, 582196, 4.45591, 400, 2, 100, 1, 0, 1, 0, 1, 0, 0
1635342182099, 4.44, 300, XPSX, 4.49, 100, MEMX, 4.49, 100, MEMX, 130757, 582645, 4.45594, 400, 2, 100, 1, 0, 0, 0, 1, 0, 0
1635342182099, 4.44, 300, XPSX, 4.49, 1700, MEMX, 4.46, 100, XADF, 130857, 583091, 4.45594, 400, 2, 1800, 2, 0, 1, 0, 0, 1, 0
1635342182099, 4.44, 300, XPSX, 4.49, 1700, MEMX, 4.46, 1200, XADF, 132057, 588443, 4.45598, 400, 2, 1800, 2, 0, 1, 0, 0, 1, 0
1635342182099, 4.44, 300, XPSX, 4.49, 1700, MEMX, 4.46, 100, XADF, 132157, 588889, 4.45598, 400, 2, 1800, 2, 0, 1, 0, 0, 1, 0
1635342182100, 4.44, 900, BATS, 4.49, 1700, MEMX, 4.46, 200, XADF, 132357, 589781, 4.45599, 1300, 3, 1800, 2, 0, 1, 0, 0, 1, 0
1635342182100, 4.44, 900, BATS, 4.49, 1700, MEMX, 4.46, 50, XADF, 132407, 590004, 4.45599, 1300, 3, 1800, 2, 1, 1, 0, 0, 1, 0
1635342182100, 4.44, 900, BATS, 4.49, 1700, MEMX, 4.46, 206, XADF, 132613, 590923, 4.456, 1300, 3, 1800, 2, 0, 1, 0, 0, 1, 0
1635342182101, 4.44, 300, XPSX, 4.49, 1700, MEMX, 4.46, 50, XADF, 132663, 591146, 4.456, 400, 2, 1800, 2, 1, 1, 0, 0, 1, 0
1635342183632, 4.44, 100, IEXG, 4.49, 1700, MEMX, 4.49, 100, XNAS, 132763, 591595, 4.45602, 200, 2, 1700, 1, 0, 1, 0, 1, 0, 0
1635342183633, 4.48, 200, BATS, 4.49, 1700, MEMX, 4.49, 27, EDGX, 132790, 591716, 4.45603, 600, 4, 2300, 2, 1, 0, 0, 1, 0, 0
1635342183633, 4.48, 200, BATS, 4.49, 700, XNAS, 4.49, 1200, MEMX, 133990, 597104, 4.45634, 600, 4, 700, 1, 0, 1, 0, 1, 0, 0
1635342183633, 4.48, 200, BATS, 4.49, 700, XNAS, 4.49, 100, MEMX, 134090, 597553, 4.45636, 600, 4, 700, 1, 0, 1, 0, 1, 0, 0
1635342183633, 4.48, 200, BATS, 4.49, 700, XNAS, 4.49, 200, MEMX, 134290, 598451, 4.45641, 600, 4, 700, 1, 0, 1, 0, 1, 0, 0
1635342183633, 4.48, 200, BATS, 4.49, 700, XNAS, 4.49, 206, MEMX, 134496, 599376, 4.45646, 600, 4, 700, 1, 0, 1, 0, 1, 0, 0
1635342183633, 4.48, 200, BATS, 4.49, 700, XNAS, 4.49, 1, EDGA, 134497, 599381, 4.45646, 600, 4, 700, 1, 1, 0, 0, 1, 0, 0
1635342183633, 4.48, 200, BATS, 4.49, 500, XNAS, 4.49, 247, XNAS, 134744, 600490, 4.45652, 600, 4, 500, 1, 0, 0, 0, 1, 0, 0
1635342183633, 4.48, 200, BATS, 4.49, 100, XNAS, 4.49, 261, XNAS, 135005, 601662, 4.45659, 600, 4, 100, 1, 0, 0, 0, 1, 0, 0
1635342183633, 4.48, 200, BATS, 4.49, 100, XNAS, 4.49, 100, XNAS, 135105, 602111, 4.45661, 600, 4, 100, 1, 0, 0, 0, 1, 0, 0
1635342183633, 4.48, 200, BATS, 4.49, 500, MEMX, 4.49, 100, XNAS, 135205, 602560, 4.45664, 900, 6, 800, 3, 0, 0, 0, 1, 0, 0
1635342183633, 4.48, 200, BATS, 4.49, 500, MEMX, 4.49, 50, XNAS, 135255, 602784, 4.45665, 800, 6, 700, 2, 1, 0, 0, 1, 0, 0
1635342183633, 4.48, 200, EDGX, 4.49, 500, MEMX, 4.49, 12, XNAS, 135267, 602838, 4.45665, 700, 6, 700, 2, 1, 0, 0, 1, 0, 0
1635342183633, 4.48, 200, EDGX, 4.49, 500, MEMX, 4.49, 100, XNAS, 135367, 603287, 4.45668, 700, 6, 700, 2, 0, 1, 0, 1, 0, 0
1635342183633, 4.48, 100, BATS, 4.49, 500, MEMX, 4.49, 27, EDGX, 135394, 603408, 4.45668, 600, 6, 600, 2, 1, 0, 0, 1, 0, 0
1635342183633, 4.48, 100, BATS, 4.49, 500, MEMX, 4.46, 100, XADF, 135494, 603854, 4.45669, 700, 7, 800, 2, 0, 1, 0, 0, 1, 1
1635342183633, 4.48, 100, BATS, 4.49, 500, MEMX, 4.465, 261, XADF, 135755, 605020, 4.4567, 600, 6, 800, 2, 0, 1, 0, 0, 1, 1
1635342183633, 4.49, 1500, XNYS, 4.49, 500, MEMX, 4.48, 112, XADF, 135867, 605521, 4.45672, 1800, 2, 800, 2, 0, 1, 0, 0, 1, 1
1635342183633, 4.49, 1500, XNYS, 4.49, 500, MEMX, 4.49, 128, XNAS, 135995, 606096, 4.45675, 1800, 2, 800, 2, 0, 1, 1, 0, 0, 0
1635342183633, 4.49, 1500, XNYS, 4.49, 500, MEMX, 4.49, 85, EDGX, 136080, 606478, 4.45677, 1800, 2, 500, 1, 1, 0, 1, 0, 0, 0
1635342183633, 4.49, 1500, XNYS, 4.49, 500, MEMX, 4.49, 112, EDGX, 136192, 606981, 4.4568, 1800, 2, 500, 1, 0, 1, 1, 0, 0, 0
1635342183633, 4.49, 1500, XNYS, 4.49, 500, MEMX, 4.49, 124, EDGX, 136316, 607537, 4.45683, 1800, 2, 500, 1, 0, 1, 1, 0, 0, 0
1635342183633, 4.49, 1400, XNYS, 4.49, 500, MEMX, 4.49, 60, XNYS, 136376, 607807, 4.45685, 1700, 2, 500, 1, 1, 0, 1, 0, 0, 0
1635342183633, 4.49, 1400, XNYS, 4.49, 500, MEMX, 4.49, 557, MEMX, 136933, 610308, 4.45698, 1700, 2, 500, 1, 0, 0, 1, 0, 0, 0
1635342183633, 4.49, 1400, XNYS, 4.49, 500, MEMX, 4.49, 15, XNYS, 136948, 610375, 4.45698, 1700, 2, 500, 1, 1, 0, 1, 0, 0, 0
1635342183633, 4.49, 1400, XNYS, 4.5, 3100, BATS, 4.49, 15, XNYS, 136963, 610442, 4.45699, 1700, 2, 3700, 3, 1, 0, 0, 0, 1, 0
1635342183633, 4.49, 1400, XNYS, 4.5, 3100, BATS, 4.465, 247, XADF, 137210, 611545, 4.457, 1700, 2, 3500, 2, 0, 1, 0, 0, 1, 1
1635342183633, 4.49, 1400, XNYS, 4.5, 3100, BATS, 4.49, 58, XNAS, 137268, 611806, 4.45702, 1700, 2, 3500, 2, 1, 0, 0, 0, 1, 0
1635342183633, 4.49, 1400, XNYS, 4.5, 3100, BATS, 4.49, 24, XNAS, 137292, 611914, 4.45702, 1700, 2, 3500, 2, 1, 0, 0, 0, 1, 0
1635342183633, 4.49, 1400, XNYS, 4.5, 3100, BATS, 4.5, 57, XNAS, 137349, 612170, 4.45704, 1700, 2, 3500, 2, 1, 0, 0, 1, 0, 0
1635342183633, 4.49, 1400, XNYS, 4.5, 3100, BATS, 4.5, 9, XNAS, 137358, 612211, 4.45704, 1700, 2, 3500, 2, 1, 0, 0, 1, 0, 0
1635342183633, 4.49, 1400, XNYS, 4.5, 3100, BATS, 4.48, 100, XADF, 137458, 612659, 4.45706, 1700, 2, 3500, 2, 0, 1, 0, 0, 1, 1
1635342183633, 4.49, 1400, XNYS, 4.5, 3100, BATS, 4.49, 1410, XNYS, 138876, 619025, 4.4574, 1700, 2, 3500, 2, 0, 0, 0, 0, 1, 0
1635342183633, 4.49, 200, ARCX, 4.5, 3100, BATS, 4.49, 73, ARCX, 138949, 619353, 4.45741, 200, 1, 3500, 2, 1, 0, 0, 0, 1, 0
1635342183634, 4.49, 400, MEMX, 4.5, 3100, BATS, 4.49, 227, ARCX, 139176, 620372, 4.45747, 400, 1, 3500, 2, 0, 1, 0, 0, 1, 0
1635342183634, 4.49, 100, XNAS, 4.5, 3100, BATS, 4.49, 100, ARCX, 139276, 620821, 4.45749, 100, 1, 4200, 4, 0, 1, 0, 0, 1, 0
1635342183634, 4.48, 300, BATS, 4.5, 3100, BATS, 4.485, 565, XADF, 139841, 623355, 4.4576, 1100, 6, 4200, 4, 0, 1, 0, 0, 1, 0
1635342183634, 4.48, 200, EPRL, 4.49, 100, XNAS, 4.48, 112, XADF, 139953, 623857, 4.45762, 700, 4, 100, 1, 0, 1, 0, 0, 1, 0
1635342183634, 4.48, 200, ARCX, 4.49, 100, XNAS, 4.46, 100, XADF, 140053, 624303, 4.45762, 500, 3, 100, 1, 0, 1, 0, 0, 1, 1
1635342183634, 4.48, 200, XNYS, 4.49, 100, XNAS, 4.48, 186, XADF, 140239, 625136, 4.45765, 500, 4, 100, 1, 0, 1, 0, 0, 1, 0
1635342183634, 4.48, 100, XNAS, 4.49, 100, XNAS, 4.49, 99, EDGX, 140338, 625581, 4.45767, 400, 4, 100, 1, 1, 0, 0, 1, 0, 0
1635342183634, 4.48, 100, XNAS, 4.49, 100, XNAS, 4.5, 101, EDGX, 140439, 626035, 4.4577, 400, 4, 100, 1, 0, 0, 0, 1, 0, 1
1635342183635, 4.48, 100, XNAS, 4.49, 100, XNAS, 4.48, 124, XADF, 140649, 626975, 4.45773, 100, 1, 200, 2, 0, 1, 0, 0, 1, 0
1635342183636, 4.48, 100, XNAS, 4.49, 100, XNAS, 4.49, 100, XADF, 140749, 627424, 4.45775, 200, 2, 200, 2, 0, 1, 0, 1, 0, 0
1635342183636, 4.48, 100, XNAS, 4.49, 100, XNAS, 4.48, 193, XADF, 140942, 628289, 4.45778, 200, 2, 200, 2, 0, 1, 0, 0, 1, 0
1635342183636, 4.48, 100, XNAS, 4.49, 100, XNAS, 4.48, 99, XADF, 141041, 628732, 4.4578, 200, 2, 100, 1, 1, 1, 0, 0, 1, 0
1635342183642, 4.48, 100, XNAS, 4.49, 100, XNAS, 4.47, 100, XADF, 141141, 629179, 4.45781, 200, 2, 100, 1, 0, 1, 0, 0, 1, 1
1635342184167, 4.48, 100, XNAS, 4.49, 100, XNAS, 4.4825, 100, XADF, 141241, 629627, 4.45782, 100, 1, 200, 2, 0, 1, 0, 0, 1, 0
1635342184167, 4.48, 100, XNAS, 4.49, 100, XNAS, 4.485, 100, IEXG, 141341, 630076, 4.45784, 100, 1, 200, 2, 0, 1, 1, 0, 0, 0
1635342184172, 4.48, 100, XNAS, 4.49, 100, XNAS, 4.48, 300, XADF, 141641, 631420, 4.45789, 100, 1, 200, 2, 0, 1, 0, 0, 1, 0
1635342184226, 4.48, 100, XNAS, 4.49, 100, XNAS, 4.485, 700, XADF, 142341, 634559, 4.45802, 100, 1, 200, 2, 0, 1, 1, 0, 0, 0
1635342184227, 4.48, 100, XNAS, 4.49, 100, XNAS, 4.48, 100, XADF, 142441, 635007, 4.45804, 100, 1, 200, 2, 0, 1, 0, 0, 1, 0
1635342184227, 4.48, 100, XNAS, 4.49, 100, XNAS, 4.48, 122, XADF, 142563, 635554, 4.45806, 100, 1, 200, 2, 0, 1, 0, 0, 1, 0
1635342184227, 4.48, 100, XNAS, 4.49, 100, XNAS, 4.485, 90, XADF, 142653, 635958, 4.45807, 100, 1, 200, 2, 1, 1, 1, 0, 0, 0
1635342184227, 4.48, 100, XNAS, 4.49, 100, XNAS, 4.48, 186, XADF, 142839, 636791, 4.4581, 100, 1, 200, 2, 0, 1, 0, 0, 1, 0
1635342184227, 4.48, 100, XNAS, 4.49, 100, XNAS, 4.485, 110, XADF, 142949, 637284, 4.45812, 100, 1, 200, 2, 0, 1, 1, 0, 0, 0
1635342184227, 4.48, 100, XNAS, 4.49, 100, XNAS, 4.48, 100, XADF, 143049, 637732, 4.45814, 100, 1, 200, 2, 0, 1, 0, 0, 1, 0
1635342184227, 4.48, 100, XNAS, 4.49, 100, XNAS, 4.48, 192, XADF, 143241, 638592, 4.45817, 100, 1, 200, 2, 0, 1, 0, 0, 1, 0
1635342184228, 4.48, 100, XNAS, 4.49, 100, XNAS, 4.48, 200, XADF, 143441, 639488, 4.4582, 100, 1, 200, 2, 0, 1, 0, 0, 1, 0
1635342184228, 4.48, 100, XNAS, 4.49, 100, XNAS, 4.485, 100, XADF, 143541, 639937, 4.45822, 100, 1, 200, 2, 0, 1, 1, 0, 0, 0
1635342184229, 4.48, 100, XNAS, 4.49, 100, XNAS, 4.48, 100, XADF, 143641, 640385, 4.45823, 100, 1, 200, 2, 0, 1, 0, 0, 1, 0
1635342184236, 4.48, 100, XNAS, 4.49, 100, XNAS, 4.484, 400, XADF, 144041, 642179, 4.4583, 100, 1, 200, 2, 0, 1, 0, 0, 1, 0
1635342184406, 4.48, 100, XNAS, 4.49, 100, XNAS, 4.4825, 100, XADF, 144141, 642627, 4.45832, 100, 1, 200, 2, 0, 1, 0, 0, 1, 0
1635342184517, 4.48, 100, XNAS, 4.49, 100, XNAS, 4.4825, 100, XADF, 144241, 643075, 4.45834, 100, 1, 200, 2, 0, 1, 0, 0, 1, 0
1635342184519, 4.48, 100, XNAS, 4.49, 100, XNAS, 4.485, 100, IEXG, 144341, 643524, 4.45836, 100, 1, 200, 2, 0, 1, 1, 0, 0, 0
1635342184522, 4.48, 100, XNAS, 4.49, 100, XNAS, 4.48, 38, XADF, 144379, 643694, 4.45836, 100, 1, 200, 2, 1, 1, 0, 0, 1, 0
1635342184522, 4.48, 100, XNAS, 4.49, 100, XNAS, 4.48, 100, XADF, 144479, 644142, 4.45838, 100, 1, 200, 2, 0, 1, 0, 0, 1, 0
1635342184522, 4.48, 100, XNAS, 4.49, 100, XNAS, 4.48, 162, XADF, 144641, 644868, 4.4584, 100, 1, 200, 2, 0, 1, 0, 0, 1, 0
1635342184901, 4.48, 100, XNAS, 4.49, 100, XNAS, 4.4825, 100, XADF, 144741, 645316, 4.45842, 100, 1, 200, 2, 0, 1, 0, 0, 1, 0
1635342184902, 4.48, 100, XNAS, 4.49, 100, XNAS, 4.485, 42, IEXG, 144783, 645504, 4.45843, 100, 1, 200, 2, 1, 0, 1, 0, 0, 0
1635342184902, 4.48, 100, XNAS, 4.49, 100, XNAS, 4.485, 58, IEXG, 144841, 645764, 4.45844, 100, 1, 200, 2, 1, 0, 1, 0, 0, 0
1635342184905, 4.48, 100, XNAS, 4.49, 100, XNAS, 4.48, 38, XADF, 144879, 645935, 4.45844, 100, 1, 200, 2, 1, 1, 0, 0, 1, 0
1635342184905, 4.48, 100, XNAS, 4.49, 100, XNAS, 4.48, 100, XADF, 144979, 646383, 4.45846, 100, 1, 200, 2, 0, 1, 0, 0, 1, 0
1635342184905, 4.48, 100, XNAS, 4.49, 100, XNAS, 4.48, 162, XADF, 145141, 647108, 4.45848, 100, 1, 200, 2, 0, 1, 0, 0, 1, 0
1635342185309, 4.48, 100, XNAS, 4.49, 100, XNAS, 4.4825, 100, XADF, 145241, 647557, 4.4585, 100, 1, 200, 2, 0, 1, 0, 0, 1, 0
1635342185310, 4.48, 100, XNAS, 4.49, 100, XNAS, 4.485, 100, IEXG, 145341, 648005, 4.45852, 100, 1, 200, 2, 0, 1, 1, 0, 0, 0
1635342185316, 4.48, 100, XNAS, 4.49, 100, XNAS, 4.48, 38, XADF, 145379, 648175, 4.45852, 100, 1, 200, 2, 1, 1, 0, 0, 1, 0
1635342185316, 4.48, 100, XNAS, 4.49, 100, XNAS, 4.48, 262, XADF, 145641, 649349, 4.45856, 100, 1, 200, 2, 0, 1, 0, 0, 1, 0
1635342186171, 4.48, 100, XNAS, 4.49, 100, XNAS, 4.481, 2000, XADF, 147641, 658311, 4.45886, 100, 1, 200, 2, 0, 1, 0, 0, 1, 0
1635342186635, 4.45, 100, BATS, 4.49, 100, MEMX, 4.48, 20, XNAS, 147661, 658401, 4.45887, 100, 1, 200, 2, 1, 0, 0, 1, 0, 0
1635342188036, 4.45, 300, XNAS, 4.48, 100, XNAS, 4.465, 300, XADF, 147961, 659740, 4.45888, 400, 2, 200, 2, 0, 1, 1, 0, 0, 0
1635342188037, 4.45, 300, XNAS, 4.48, 100, XNAS, 4.465, 90, XADF, 148051, 660142, 4.45888, 400, 2, 200, 2, 1, 1, 1, 0, 0, 0
1635342188037, 4.45, 300, XNAS, 4.48, 100, XNAS, 4.46, 200, XADF, 148251, 661034, 4.45888, 400, 2, 200, 2, 0, 1, 0, 0, 1, 0
1635342188037, 4.45, 300, XNAS, 4.48, 100, XNAS, 4.46, 100, XADF, 148351, 661480, 4.45888, 400, 2, 200, 2, 0, 1, 0, 0, 1, 0
1635342188039, 4.45, 300, XNAS, 4.48, 100, XNAS, 4.46, 50, XADF, 148401, 661703, 4.45889, 300, 1, 200, 2, 1, 1, 0, 0, 1, 0
1635342188039, 4.45, 300, XNAS, 4.48, 100, XNAS, 4.45, 810, XADF, 149211, 665308, 4.45884, 300, 1, 200, 2, 0, 1, 0, 0, 1, 0
1635342188041, 4.45, 300, XNAS, 4.48, 100, XNAS, 4.464, 200, XADF, 149411, 666200, 4.45884, 300, 1, 200, 2, 0, 1, 0, 0, 1, 0
1635342188046, 4.45, 300, XNAS, 4.48, 100, XNAS, 4.46, 38, XADF, 149449, 666370, 4.45884, 300, 1, 200, 2, 1, 1, 0, 0, 1, 0
1635342188046, 4.45, 300, XNAS, 4.48, 100, XNAS, 4.46, 12, XADF, 149461, 666423, 4.45884, 300, 1, 200, 2, 1, 1, 0, 0, 1, 0
1635342188218, 4.45, 300, XNAS, 4.48, 100, XNAS, 4.4625, 100, XADF, 149561, 666870, 4.45885, 300, 1, 200, 2, 0, 1, 0, 0, 1, 0
1635342189639, 4.45, 300, XNAS, 4.48, 100, XNAS, 4.48, 1, XADF, 149562, 666874, 4.45885, 300, 1, 200, 2, 1, 1, 0, 1, 0, 0
1635342189651, 4.45, 300, XNAS, 4.48, 100, XNAS, 4.465, 200, XADF, 149762, 667767, 4.45886, 300, 1, 200, 2, 0, 1, 1, 0, 0, 0
1635342189652, 4.45, 300, XNAS, 4.48, 100, XNAS, 4.46, 50, XADF, 149812, 667990, 4.45886, 300, 1, 200, 2, 1, 1, 0, 0, 1, 0
1635342189652, 4.45, 300, XNAS, 4.48, 100, XNAS, 4.465, 299, XADF, 150111, 669325, 4.45887, 300, 1, 200, 2, 0, 1, 1, 0, 0, 0
1635342189652, 4.45, 300, XNAS, 4.48, 100, XNAS, 4.46, 100, XADF, 150211, 669771, 4.45887, 300, 1, 200, 2, 0, 1, 0, 0, 1, 0
1635342189653, 4.45, 300, XNAS, 4.48, 100, XNAS, 4.46, 50, XADF, 150261, 669994, 4.45887, 300, 1, 200, 2, 1, 1, 0, 0, 1, 0
1635342189653, 4.45, 300, XNAS, 4.48, 100, XNAS, 4.46, 150, XADF, 150411, 670663, 4.45887, 300, 1, 200, 2, 0, 1, 0, 0, 1, 0
1635342189654, 4.45, 300, XNAS, 4.48, 100, XNAS, 4.46, 50, XADF, 150461, 670886, 4.45887, 300, 1, 200, 2, 1, 1, 0, 0, 1, 0
1635342189655, 4.45, 300, XNAS, 4.48, 100, XNAS, 4.464, 100, XADF, 150561, 671333, 4.45887, 300, 1, 200, 2, 0, 1, 0, 0, 1, 0
1635342190932, 4.45, 300, XNAS, 4.48, 100, XNAS, 4.46, 100, XADF, 150661, 671779, 4.45887, 300, 1, 200, 2, 0, 1, 0, 0, 1, 0
1635342190932, 4.45, 300, XNAS, 4.48, 100, XNAS, 4.46, 100, XADF, 150761, 672225, 4.45888, 300, 1, 200, 2, 0, 1, 0, 0, 1, 0
1635342190932, 4.45, 300, XNAS, 4.48, 100, XNAS, 4.46, 200, XADF, 150961, 673117, 4.45888, 300, 1, 200, 2, 0, 1, 0, 0, 1, 0
1635342190932, 4.45, 300, XNAS, 4.48, 100, XNAS, 4.465, 100, IEXG, 151061, 673563, 4.45888, 300, 1, 200, 2, 0, 1, 1, 0, 0, 0
1635342190933, 4.45, 300, XNAS, 4.48, 100, XNAS, 4.4793, 400, XADF, 151461, 675355, 4.45893, 300, 1, 200, 2, 0, 1, 0, 1, 0, 0
1635342190934, 4.45, 300, XNAS, 4.48, 100, XNAS, 4.465, 400, XADF, 151861, 677141, 4.45895, 300, 1, 200, 2, 0, 1, 1, 0, 0, 0
1635342190935, 4.45, 300, XNAS, 4.48, 100, XNAS, 4.465, 100, IEXG, 151961, 677587, 4.45895, 300, 1, 200, 2, 0, 1, 1, 0, 0, 0
1635342190935, 4.45, 300, XNAS, 4.48, 100, XNAS, 4.465, 100, XADF, 152061, 678034, 4.45896, 300, 1, 200, 2, 0, 1, 1, 0, 0, 0
1635342190935, 4.45, 300, XNAS, 4.48, 100, XNAS, 4.465, 100, XADF, 152161, 678480, 4.45896, 300, 1, 200, 2, 0, 1, 1, 0, 0, 0
1635342190935, 4.45, 300, XNAS, 4.48, 100, XNAS, 4.46, 200, XADF, 152361, 679372, 4.45896, 300, 1, 200, 2, 0, 1, 0, 0, 1, 0
1635342190937, 4.45, 300, XNAS, 4.48, 100, XNAS, 4.47, 100, XADF, 152461, 679819, 4.45897, 300, 1, 200, 2, 0, 1, 0, 1, 0, 0
1635342190937, 4.45, 300, XNAS, 4.48, 100, XNAS, 4.465, 100, IEXG, 152561, 680266, 4.45898, 300, 1, 200, 2, 0, 1, 1, 0, 0, 0
1635342190937, 4.45, 300, XNAS, 4.48, 100, XNAS, 4.47, 200, XADF, 152761, 681160, 4.45899, 300, 1, 200, 2, 0, 1, 0, 1, 0, 0
1635342190937, 4.45, 300, XNAS, 4.48, 100, XNAS, 4.4793, 100, XADF, 152861, 681608, 4.459, 300, 1, 200, 2, 0, 1, 0, 1, 0, 0
1635342190941, 4.45, 300, XNAS, 4.48, 100, XNAS, 4.4793, 100, XADF, 152961, 682056, 4.45902, 400, 2, 200, 2, 0, 1, 0, 1, 0, 0
1635342190942, 4.45, 300, XNAS, 4.48, 100, XNAS, 4.47, 100, XADF, 153061, 682503, 4.45902, 400, 2, 200, 2, 0, 1, 0, 1, 0, 0
1635342190942, 4.45, 300, XNAS, 4.48, 100, XNAS, 4.47, 100, XADF, 153161, 682950, 4.45903, 400, 2, 200, 2, 0, 1, 0, 1, 0, 0
1635342190945, 4.45, 300, XNAS, 4.48, 100, XNAS, 4.479, 100, XADF, 153261, 683397, 4.45904, 400, 2, 200, 2, 0, 1, 0, 1, 0, 0
1635342190949, 4.45, 300, XNAS, 4.48, 100, XNAS, 4.479, 100, XADF, 153361, 683845, 4.45906, 400, 2, 200, 2, 0, 1, 0, 1, 0, 0
1635342190966, 4.45, 300, XNAS, 4.48, 100, XNAS, 4.479, 200, XADF, 153561, 684741, 4.45908, 400, 2, 200, 2, 0, 1, 0, 1, 0, 0
1635342190971, 4.45, 300, XNAS, 4.48, 100, XNAS, 4.4793, 100, XADF, 153661, 685189, 4.4591, 400, 2, 200, 2, 0, 1, 0, 1, 0, 0
1635342190980, 4.45, 300, XNAS, 4.48, 100, XNAS, 4.4795, 100, XADF, 153761, 685637, 4.45911, 400, 2, 200, 2, 0, 1, 0, 1, 0, 0
1635342190984, 4.45, 300, XNAS, 4.48, 100, XNAS, 4.4795, 200, XADF, 153961, 686533, 4.45914, 400, 2, 200, 2, 0, 1, 0, 1, 0, 0
1635342190987, 4.45, 300, XNAS, 4.48, 100, XNAS, 4.479, 200, XADF, 154161, 687429, 4.45916, 400, 2, 200, 2, 0, 1, 0, 1, 0, 0
1635342190991, 4.45, 300, XNAS, 4.48, 100, XNAS, 4.4793, 100, XADF, 154261, 687877, 4.45917, 400, 2, 200, 2, 0, 1, 0, 1, 0, 0
1635342191004, 4.45, 300, XNAS, 4.48, 100, XNAS, 4.4793, 100, XADF, 154361, 688325, 4.45919, 400, 2, 200, 2, 0, 1, 0, 1, 0, 0
1635342191010, 4.45, 300, XNAS, 4.48, 100, XNAS, 4.4795, 100, XADF, 154461, 688773, 4.4592, 400, 2, 200, 2, 0, 1, 0, 1, 0, 0
1635342191046, 4.45, 300, XNAS, 4.48, 100, XNAS, 4.4795, 100, XADF, 154561, 689221, 4.45921, 400, 2, 200, 2, 0, 1, 0, 1, 0, 0
1635342191331, 4.45, 300, XNAS, 4.48, 100, XNAS, 4.4618, 100, XADF, 154661, 689667, 4.45922, 400, 2, 200, 2, 0, 1, 0, 0, 1, 0
1635342192589, 4.45, 300, XNAS, 4.48, 100, XNAS, 4.4625, 100, XADF, 154761, 690113, 4.45922, 400, 2, 100, 1, 0, 1, 0, 0, 1, 0
1635342192590, 4.45, 300, XNAS, 4.48, 100, XNAS, 4.465, 53, IEXG, 154814, 690350, 4.45922, 400, 2, 200, 2, 1, 0, 1, 0, 0, 0
1635342192590, 4.45, 300, XNAS, 4.48, 100, XNAS, 4.465, 47, IEXG, 154861, 690559, 4.45922, 400, 2, 200, 2, 1, 0, 1, 0, 0, 0
1635342192898, 4.45, 300, XNAS, 4.48, 100, XNAS, 4.46, 753, XADF, 155614, 693918, 4.45922, 400, 2, 200, 2, 0, 1, 0, 0, 1, 0
1635342192909, 4.45, 300, XNAS, 4.48, 100, XNAS, 4.4747, 100, XADF, 155714, 694365, 4.45923, 400, 2, 200, 2, 0, 1, 0, 1, 0, 0
1635342192910, 4.45, 300, XNAS, 4.48, 100, XNAS, 4.48, 100, XADF, 155814, 694813, 4.45925, 400, 2, 100, 1, 0, 1, 0, 1, 0, 0
1635342192911, 4.45, 300, XNAS, 4.5, 200, EDGX, 4.48, 193, XNAS, 156007, 695678, 4.45927, 400, 2, 300, 2, 0, 1, 0, 1, 0, 0
1635342192911, 4.45, 300, XNAS, 4.5, 200, EDGX, 4.48, 1500, XNAS, 157507, 702398, 4.45947, 400, 2, 300, 2, 0, 1, 0, 1, 0, 0
1635342192911, 4.47, 100, XNAS, 4.5, 200, EDGX, 4.48, 100, XADF, 157607, 702846, 4.45948, 100, 1, 300, 2, 0, 1, 0, 0, 1, 0
1635342192911, 4.47, 100, XNAS, 4.5, 200, EDGX, 4.4747, 100, XADF, 157707, 703293, 4.45949, 200, 2, 300, 2, 0, 1, 0, 0, 1, 0
1635342192913, 4.47, 100, XNAS, 4.5, 200, EDGX, 4.4747, 193, XADF, 157900, 704157, 4.45951, 200, 2, 300, 2, 0, 1, 0, 0, 1, 0
1635342192913, 4.47, 100, XNAS, 4.5, 200, EDGX, 4.4747, 1500, XADF, 159400, 710869, 4.45966, 200, 2, 300, 2, 0, 1, 0, 0, 1, 0
1635342192922, 4.44, 100, XNAS, 4.5, 200, EDGX, 4.5, 100, XADF, 159500, 711319, 4.45968, 100, 1, 300, 2, 0, 1, 0, 1, 0, 0
1635342192924, 4.45, 300, XPSX, 4.5, 200, EDGX, 4.4747, 100, XADF, 159600, 711767, 4.45969, 300, 1, 300, 2, 0, 1, 0, 0, 1, 0
1635342192925, 4.45, 300, XPSX, 4.5, 100, XNAS, 4.5, 154, EDGX, 159754, 712460, 4.45973, 600, 2, 100, 1, 0, 1, 0, 1, 0, 0
1635342192927, 4.47, 100, BATS, 4.5, 100, XNAS, 4.4747, 100, XADF, 159854, 712907, 4.45974, 100, 1, 100, 1, 0, 1, 0, 0, 1, 0
1635342192927, 4.47, 100, BATS, 4.5, 100, XNAS, 4.4747, 154, XADF, 160008, 713596, 4.45975, 100, 1, 100, 1, 0, 1, 0, 0, 1, 0
1635342193088, 4.47, 100, BATS, 4.5, 100, XNAS, 4.5, 1, IEXG, 160009, 713601, 4.45975, 200, 2, 100, 1, 1, 0, 0, 1, 0, 0
1635342193093, 4.47, 100, BATS, 4.5, 100, XNAS, 4.5, 63, XNAS, 160072, 713884, 4.45977, 100, 1, 100, 1, 1, 0, 0, 1, 0, 0
1635342193093, 4.47, 100, BATS, 4.51, 3100, BATS, 4.5, 19, XNAS, 160091, 713970, 4.45977, 100, 1, 3100, 1, 1, 0, 0, 1, 0, 0
1635342193093, 4.47, 100, BATS, 4.51, 3100, BATS, 4.5, 113, XNAS, 160204, 714478, 4.4598, 100, 1, 3100, 1, 0, 1, 0, 1, 0, 0
1635342193097, 4.48, 100, XNAS, 4.51, 2900, BATS, 4.51, 173, BATS, 160377, 715258, 4.45986, 200, 2, 2900, 1, 0, 0, 0, 1, 0, 0
1635342193097, 4.48, 100, XNAS, 4.51, 2900, BATS, 4.51, 2927, BATS, 163304, 728459, 4.46075, 200, 2, 2900, 1, 0, 0, 0, 1, 0, 0
1635342193097, 4.49, 200, BATS, 4.52, 3200, EDGX, 4.52, 2351, XNAS, 165655, 739086, 4.4616, 200, 1, 3800, 2, 0, 0, 0, 1, 0, 0
1635342193097, 4.49, 200, BATS, 4.52, 2900, EDGX, 4.52, 255, EDGX, 165910, 740238, 4.46169, 200, 1, 3500, 2, 0, 0, 0, 1, 0, 0
1635342193097, 4.49, 200, BATS, 4.52, 1900, EDGX, 4.52, 1036, EDGX, 166946, 744921, 4.46205, 200, 1, 2200, 2, 0, 0, 0, 1, 0, 0
1635342193097, 4.49, 200, BATS, 4.52, 1900, EDGX, 4.52, 297, XNAS, 167243, 746263, 4.46215, 200, 1, 2200, 2, 0, 0, 0, 1, 0, 0
1635342193097, 4.49, 200, BATS, 4.52, 1900, EDGX, 4.52, 352, XNAS, 167595, 747854, 4.46227, 200, 1, 2300, 3, 0, 0, 0, 1, 0, 0
1635342193097, 4.5, 100, XNAS, 4.53, 3200, XNYS, 4.52, 1909, EDGX, 169504, 756483, 4.46292, 100, 1, 6200, 2, 0, 1, 0, 1, 0, 0
1635342193098, 4.51, 100, XNYS, 4.53, 3200, XNYS, 4.53, 193, ARCX, 169697, 757357, 4.463, 100, 1, 6200, 2, 0, 0, 0, 1, 0, 0
1635342193099, 4.51, 100, XNYS, 4.53, 3200, XNYS, 4.53, 148, XNYS, 169845, 758028, 4.46306, 100, 1, 6000, 2, 0, 0, 0, 1, 0, 0
1635342193101, 4.51, 100, XNYS, 4.53, 3000, XNYS, 4.51, 46, XNAS, 169891, 758235, 4.46307, 100, 1, 5800, 2, 1, 0, 0, 0, 1, 0
1635342205084, 4.46, 100, EDGA, 4.52, 2000, BATS, 4.49, 1000, XADF, 170891, 762725, 4.46323, 100, 1, 2200, 2, 0, 1, 1, 0, 0, 0
1635342217047, 4.46, 300, XPSX, 4.5, 4100, ARCX, 4.5, 1000, ARCX, 171891, 767225, 4.46344, 300, 1, 4100, 1, 0, 0, 0, 1, 0, 0
1635342218722, 4.45, 700, XNAS, 4.5, 4100, ARCX, 4.4984, 1000, XADF, 172891, 771724, 4.46364, 2400, 4, 4100, 1, 0, 1, 0, 1, 0, 0
1635342219897, 4.46, 300, XPSX, 4.5, 1700, ARCX, 4.5, 2400, ARCX, 175291, 782524, 4.46414, 300, 1, 1700, 1, 0, 0, 0, 1, 0, 0
1635342219900, 4.46, 300, XPSX, 4.5, 1700, ARCX, 4.4792, 1000, XADF, 176291, 787003, 4.46423, 300, 1, 1700, 1, 0, 1, 0, 0, 1, 0
1635342221131, 4.47, 100, XNAS, 4.52, 2000, BATS, 4.5, 1700, ARCX, 177991, 794653, 4.46457, 100, 1, 3000, 2, 0, 1, 0, 1, 0, 0
1635342221135, 4.48, 500, IEXG, 4.52, 2000, BATS, 4.499, 1500, XADF, 179491, 801401, 4.46486, 1200, 4, 3000, 2, 0, 1, 0, 0, 1, 0
1635342221136, 4.48, 500, IEXG, 4.52, 2000, BATS, 4.5, 4900, XADF, 184391, 823451, 4.46579, 1200, 4, 3000, 2, 0, 1, 1, 0, 0, 0
1635342222453, 4.5, 3000, EDGX, 4.52, 2000, BATS, 4.51, 2, EDGX, 184393, 823460, 4.46579, 3500, 2, 3100, 3, 1, 0, 1, 0, 0, 0
1635342222453, 4.5, 3200, EDGX, 4.52, 2000, BATS, 4.52, 1000, EDGX, 185393, 827980, 4.46608, 3900, 4, 3100, 3, 0, 0, 0, 1, 0, 0
1635342222453, 4.5, 3200, EDGX, 4.52, 1200, BATS, 4.52, 755, BATS, 186148, 831393, 4.4663, 3900, 4, 1300, 2, 0, 0, 0, 1, 0, 0
1635342222453, 4.5, 3200, EDGX, 4.52, 1200, BATS, 4.52, 115, MEMX, 186263, 831913, 4.46633, 3900, 4, 1200, 1, 0, 1, 0, 1, 0, 0
1635342222453, 4.51, 800, MEMX, 4.52, 300, BATS, 4.52, 935, BATS, 187198, 836139, 4.4666, 800, 1, 300, 1, 0, 0, 0, 1, 0, 0
1635342222453, 4.51, 800, MEMX, 4.52, 300, BATS, 4.52, 300, BATS, 187498, 837495, 4.46669, 800, 1, 300, 1, 0, 0, 0, 1, 0, 0
1635342222453, 4.51, 800, MEMX, 4.53, 2800, ARCX, 4.52, 10, BATS, 187508, 837540, 4.46669, 800, 1, 2800, 1, 1, 0, 1, 0, 0, 0
1635342222453, 4.51, 900, MEMX, 4.53, 2700, ARCX, 4.53, 106, ARCX, 187614, 838020, 4.46673, 1500, 5, 2700, 1, 0, 0, 0, 1, 0, 0
1635342222453, 4.51, 900, MEMX, 4.53, 2600, ARCX, 4.53, 5, ARCX, 187619, 838043, 4.46673, 1500, 5, 2600, 1, 1, 0, 0, 1, 0, 0
1635342222454, 4.51, 900, MEMX, 4.53, 2500, ARCX, 4.53, 120, ARCX, 187739, 838587, 4.46677, 1500, 5, 2500, 1, 0, 0, 0, 1, 0, 0
1635342222454, 4.51, 200, XNAS, 4.53, 2500, ARCX, 4.53, 15, ARCX, 187754, 838655, 4.46677, 600, 4, 2500, 1, 1, 0, 0, 1, 0, 0
1635342222454, 4.51, 200, XNAS, 4.53, 2500, ARCX, 4.53, 2561, ARCX, 190315, 850256, 4.46762, 600, 4, 2500, 1, 0, 0, 0, 1, 0, 0
1635342222454, 4.52, 100, BATY, 4.54, 3000, BATS, 4.54, 600, XNAS, 190915, 852980, 4.46785, 300, 3, 3000, 1, 0, 1, 0, 1, 0, 0
1635342222455, 4.53, 100, XNAS, 4.54, 2900, BATS, 4.54, 15, BATS, 190930, 853048, 4.46786, 400, 4, 2900, 1, 1, 0, 0, 1, 0, 0
1635342222455, 4.53, 100, XNAS, 4.54, 2900, BATS, 4.54, 2985, BATS, 193915, 866600, 4.46897, 400, 4, 2900, 1, 0, 0, 0, 1, 0, 0
1635342222455, 4.54, 200, XNAS, 4.55, 600, XNAS, 4.55, 2367, XNAS, 196282, 877370, 4.46995, 200, 1, 600, 1, 0, 0, 0, 1, 0, 0
1635342222455, 4.54, 200, XNAS, 4.56, 3000, EDGX, 4.55, 633, XNAS, 196915, 880250, 4.4702, 200, 1, 3100, 2, 0, 1, 1, 0, 0, 0
1635342222455, 4.54, 200, XNAS, 4.56, 3000, EDGX, 4.55, 15, XNAS, 196930, 880318, 4.47021, 200, 1, 3100, 2, 1, 0, 1, 0, 0, 0
1635342222455, 4.54, 400, XNAS, 4.56, 3000, EDGX, 4.55, 633, XNAS, 197563, 883198, 4.47046, 400, 1, 3100, 2, 0, 1, 1, 0, 0, 0
1635342222455, 4.54, 400, XNAS, 4.56, 3000, EDGX, 4.55, 633, XNAS, 198196, 886078, 4.47072, 400, 1, 3100, 2, 0, 1, 1, 0, 0, 0
1635342222455, 4.54, 400, XNAS, 4.56, 3000, EDGX, 4.55, 10, XNAS, 198206, 886124, 4.47072, 400, 1, 3100, 2, 1, 0, 1, 0, 0, 0
1635342222455, 4.54, 400, XNAS, 4.56, 3000, EDGX, 4.55, 10, XNAS, 198216, 886169, 4.47073, 400, 1, 3100, 2, 1, 0, 1, 0, 0, 0
1635342222455, 4.54, 400, XNAS, 4.56, 3000, EDGX, 4.55, 10, XNAS, 198226, 886215, 4.47073, 400, 1, 3100, 2, 1, 0, 1, 0, 0, 0
1635342222455, 4.54, 400, XNAS, 4.56, 3000, EDGX, 4.55, 3000, XNAS, 201226, 899865, 4.47191, 400, 1, 3100, 2, 0, 1, 1, 0, 0, 0
1635342222455, 4.54, 400, XNAS, 4.56, 3000, EDGX, 4.55, 10, XNAS, 201236, 899910, 4.47192, 400, 1, 3100, 2, 1, 0, 1, 0, 0, 0
1635342222455, 4.54, 400, XNAS, 4.56, 3000, EDGX, 4.55, 10, XNAS, 201246, 899956, 4.47192, 400, 1, 3100, 2, 1, 0, 1, 0, 0, 0
1635342222455, 4.54, 400, XNAS, 4.56, 3000, EDGX, 4.55, 10, XNAS, 201256, 900001, 4.47192, 500, 2, 3100, 2, 1, 0, 1, 0, 0, 0
1635342222455, 4.54, 400, XNAS, 4.56, 3000, EDGX, 4.55, 10, XNAS, 201266, 900047, 4.47193, 800, 3, 3000, 1, 1, 0, 1, 0, 0, 0
1635342222455, 4.54, 800, BATS, 4.56, 3000, EDGX, 4.55, 10, XNAS, 201276, 900092, 4.47193, 1600, 4, 3000, 1, 1, 0, 1, 0, 0, 0
1635342222455, 4.55, 100, MEMX, 4.56, 3000, EDGX, 4.55, 10, XNAS, 201286, 900138, 4.47194, 100, 1, 3000, 1, 1, 0, 0, 0, 1, 0
1635342222455, 4.55, 100, MEMX, 4.56, 3000, EDGX, 4.55, 10, XNAS, 201296, 900183, 4.47194, 100, 1, 3000, 1, 1, 0, 0, 0, 1, 0
1635342222455, 4.55, 100, MEMX, 4.56, 3000, EDGX, 4.55, 10, XNAS, 201306, 900229, 4.47194, 100, 1, 3000, 1, 1, 0, 0, 0, 1, 0
1635342222456, 4.55, 100, MEMX, 4.56, 3000, EDGX, 4.55, 10, XNAS, 201316, 900274, 4.47195, 100, 1, 3000, 1, 1, 0, 0, 0, 1, 0
1635342222456, 4.55, 100, MEMX, 4.56, 3000, EDGX, 4.55, 10, XNAS, 201326, 900320, 4.47195, 100, 1, 3000, 1, 1, 0, 0, 0, 1, 0
1635342222456, 4.55, 100, MEMX, 4.56, 3000, EDGX, 4.55, 10, XNAS, 201336, 900365, 4.47195, 100, 1, 3100, 2, 1, 0, 0, 0, 1, 0
1635342222456, 4.55, 100, MEMX, 4.56, 3000, EDGX, 4.55, 10, XNAS, 201346, 900411, 4.47196, 100, 1, 3100, 2, 1, 0, 0, 0, 1, 0
1635342222465, 4.54, 800, BATS, 4.56, 3000, EDGX, 4.55, 37, XADF, 201383, 900579, 4.47197, 1900, 5, 3000, 1, 1, 1, 1, 0, 0, 0
1635342222465, 4.54, 800, BATS, 4.56, 3000, EDGX, 4.5527, 100, XADF, 201483, 901035, 4.47201, 1900, 5, 3000, 1, 0, 1, 0, 1, 0, 0
1635342222479, 4.54, 800, BATS, 4.56, 3000, EDGX, 4.54, 900, XADF, 202383, 905121, 4.47232, 1900, 5, 3000, 1, 0, 1, 0, 0, 1, 0
1635342222486, 4.54, 800, BATS, 4.56, 3000, EDGX, 4.55, 10, XNAS, 202393, 905166, 4.47232, 1900, 5, 3000, 1, 1, 0, 1, 0, 0, 0
1635342222486, 4.54, 800, BATS, 4.57, 3200, ARCX, 4.55, 10, XNAS, 202403, 905212, 4.47232, 1900, 5, 3700, 3, 1, 0, 0, 0, 1, 0
1635342222486, 4.54, 800, BATS, 4.57, 3200, ARCX, 4.55, 10, XNAS, 202413, 905257, 4.47233, 1900, 5, 3700, 3, 1, 0, 0, 0, 1, 0
1635342222486, 4.54, 800, BATS, 4.57, 3200, ARCX, 4.55, 5, XNAS, 202418, 905280, 4.47233, 1900, 5, 3700, 3, 1, 0, 0, 0, 1, 0
1635342223106, 4.54, 800, BATS, 4.59, 100, MEMX, 4.55, 165, XNAS, 202583, 906031, 4.47239, 1800, 4, 100, 1, 0, 1, 0, 0, 1, 0
1635342223215, 4.54, 800, BATS, 4.59, 100, MEMX, 4.565, 1000, XADF, 203583, 910596, 4.47285, 1800, 4, 100, 1, 0, 1, 1, 0, 0, 0
1635342224092, 4.54, 1300, EDGX, 4.59, 100, MEMX, 4.5401, 1000, XADF, 204583, 915136, 4.47318, 2800, 4, 100, 1, 0, 1, 0, 0, 1, 0
1635342224879, 4.54, 1300, EDGX, 4.58, 2000, EDGX, 4.5578, 900, XADF, 205483, 919238, 4.47355, 2800, 4, 2000, 1, 0, 1, 0, 0, 1, 0
1635342225053, 4.54, 1300, EDGX, 4.58, 2000, EDGX, 4.56, 1000, XADF, 206483, 923798, 4.47397, 2800, 4, 2000, 1, 0, 1, 1, 0, 0, 0
1635342225330, 4.55, 100, XNAS, 4.58, 2000, EDGX, 4.57, 90, ARCX, 206573, 924209, 4.47401, 100, 1, 3000, 2, 1, 0, 0, 1, 0, 0
1635342225332, 4.55, 200, EDGX, 4.58, 2000, EDGX, 4.5799, 90, XADF, 206663, 924621, 4.47405, 1100, 8, 3000, 2, 1, 1, 0, 1, 0, 0
1635342225342, 4.55, 200, ARCX, 4.58, 1000, EDGX, 4.58, 910, EDGX, 207573, 928789, 4.47452, 900, 8, 2000, 2, 0, 0, 0, 1, 0, 0
1635342225342, 4.55, 200, ARCX, 4.58, 1000, ARCX, 4.58, 1090, EDGX, 208663, 933781, 4.47507, 900, 8, 1000, 1, 0, 1, 0, 1, 0, 0
1635342225885, 4.53, 1500, XNYS, 4.58, 1000, ARCX, 4.5301, 1500, XADF, 210163, 940576, 4.47546, 1500, 1, 1000, 1, 0, 1, 0, 0, 1, 0
1635342226334, 4.53, 1500, XNYS, 4.58, 1000, ARCX, 4.5316, 1000, XADF, 211163, 945108, 4.47573, 1500, 1, 1000, 1, 0, 1, 0, 0, 1, 0
1635342226336, 4.53, 1500, XNYS, 4.57, 300, XPSX, 4.57, 100, XADF, 211263, 945565, 4.47577, 1500, 1, 300, 1, 0, 1, 0, 1, 0, 0
1635342226767, 4.53, 1500, XNYS, 4.58, 700, ARCX, 4.58, 300, ARCX, 211563, 946939, 4.47592, 1500, 1, 700, 1, 0, 0, 0, 1, 0, 0
1635342227367, 4.53, 1500, XNYS, 4.58, 1000, EDGX, 4.555, 1000, XADF, 212563, 951494, 4.47629, 1500, 1, 1700, 2, 0, 1, 1, 0, 0, 0
1635342227481, 4.53, 1500, XNYS, 4.58, 1000, EDGX, 4.57, 100, XNAS, 212663, 951951, 4.47634, 1500, 1, 1700, 2, 0, 1, 0, 1, 0, 0
1635342228211, 4.53, 1500, XNYS, 4.58, 5000, EDGX, 4.5667, 100, XADF, 212763, 952408, 4.47638, 1500, 1, 6700, 2, 0, 1, 0, 1, 0, 0
1635342228340, 4.53, 1500, XNYS, 4.58, 5000, EDGX, 4.5799, 100, XADF, 212863, 952866, 4.47643, 1500, 1, 6800, 3, 0, 1, 0, 1, 0, 0
1635342228377, 4.53, 1500, XNYS, 4.58, 4900, EDGX, 4.58, 100, XADF, 212963, 953324, 4.47648, 1500, 1, 6600, 2, 0, 1, 0, 1, 0, 0
1635342228521, 4.53, 1500, XNYS, 4.58, 4900, EDGX, 4.5754, 100, XADF, 213063, 953781, 4.47652, 1500, 1, 6600, 2, 0, 1, 0, 1, 0, 0
1635342228895, 4.53, 1500, XNYS, 4.58, 4800, EDGX, 4.58, 100, XADF, 213163, 954239, 4.47657, 1500, 1, 6500, 2, 0, 1, 0, 1, 0, 0
1635342229083, 4.53, 1500, XNYS, 4.58, 4800, EDGX, 4.555, 1000, XADF, 214163, 958794, 4.47694, 1500, 1, 6500, 2, 0, 1, 1, 0, 0, 0
1635342229209, 4.53, 1500, XNYS, 4.58, 4800, EDGX, 4.5754, 100, XADF, 214263, 959252, 4.47698, 1500, 1, 6500, 2, 0, 1, 0, 1, 0, 0
1635342229414, 4.53, 1500, XNYS, 4.58, 4800, EDGX, 4.5577, 100, XADF, 214363, 959707, 4.47702, 1500, 1, 6500, 2, 0, 1, 0, 1, 0, 0
1635342230367, 4.53, 1500, XNYS, 4.58, 4800, EDGX, 4.555, 500, XADF, 214863, 961985, 4.4772, 1500, 1, 6500, 2, 0, 1, 1, 0, 0, 0
1635342231555, 4.53, 1500, XNYS, 4.58, 4800, EDGX, 4.555, 1000, XADF, 215863, 966540, 4.47756, 1500, 1, 6500, 2, 0, 1, 1, 0, 0, 0
1635342233290, 4.53, 1500, XNYS, 4.58, 4800, EDGX, 4.53, 300, XADF, 216163, 967899, 4.47763, 1500, 1, 6500, 2, 0, 1, 0, 0, 1, 0
1635342233653, 4.53, 1500, XNYS, 4.58, 4800, EDGX, 4.54, 700, XADF, 216863, 971077, 4.47784, 1500, 1, 6500, 2, 0, 1, 0, 0, 1, 0
1635342235184, 4.53, 1500, XNYS, 4.58, 2300, EDGX, 4.58, 800, XADF, 217663, 974741, 4.47821, 1500, 1, 4000, 2, 0, 1, 0, 1, 0, 0
1635342235186, 4.53, 1500, XNYS, 4.58, 2300, EDGX, 4.58, 1700, XADF, 219363, 982527, 4.479, 1500, 1, 4000, 2, 0, 1, 0, 1, 0, 0
1635342236442, 4.53, 1500, XNYS, 4.58, 2300, EDGX, 4.53, 2, XADF, 219365, 982536, 4.479, 1800, 2, 4000, 2, 1, 1, 0, 0, 1, 0
1635342237295, 4.53, 1500, XNYS, 4.58, 2300, EDGX, 4.5364, 500, XADF, 219865, 984804, 4.47913, 1800, 2, 4000, 2, 0, 1, 0, 0, 1, 0
1635342237530, 4.53, 1500, XNYS, 4.58, 2300, EDGX, 4.58, 200, XBOS, 220065, 985720, 4.47922, 1800, 2, 4000, 2, 0, 1, 0, 1, 0, 0
1635342237530, 4.53, 1500, XNYS, 4.58, 2300, EDGX, 4.58, 100, XPSX, 220165, 986178, 4.47927, 1800, 2, 4000, 2, 0, 1, 0, 1, 0, 0
1635342237530, 4.53, 1500, XNYS, 4.58, 2300, EDGX, 4.58, 200, BATY, 220365, 987094, 4.47936, 1800, 2, 4000, 2, 0, 1, 0, 1, 0, 0
1635342237530, 4.53, 1500, XNYS, 4.58, 2300, EDGX, 4.57, 100, XNAS, 220465, 987551, 4.4794, 1800, 2, 4000, 2, 0, 1, 0, 1, 0, 0
1635342237530, 4.53, 1500, XNYS, 4.58, 2300, EDGX, 4.58, 100, MEMX, 220565, 988009, 4.47945, 1800, 2, 4000, 2, 0, 1, 0, 1, 0, 0
1635342237530, 4.53, 1500, XNYS, 4.58, 2300, EDGX, 4.58, 100, BATS, 220665, 988467, 4.47949, 1800, 2, 4000, 2, 0, 1, 0, 1, 0, 0
1635342237531, 4.53, 1500, XNYS, 4.58, 2300, EDGX, 4.58, 600, MEMX, 221265, 991215, 4.47977, 1800, 2, 4000, 2, 0, 1, 0, 1, 0, 0
1635342237531, 4.53, 1500, XNYS, 4.58, 2300, EDGX, 4.58, 600, BATS, 221865, 993963, 4.48004, 1800, 2, 4000, 2, 0, 1, 0, 1, 0, 0
1635342237531, 4.53, 1500, XNYS, 4.58, 2300, EDGX, 4.58, 600, BATY, 222465, 996711, 4.48031, 1800, 2, 4000, 2, 0, 1, 0, 1, 0, 0
1635342237531, 4.53, 1500, XNYS, 4.58, 2300, EDGX, 4.58, 200, XCIS, 222665, 997627, 4.4804, 1800, 2, 4000, 2, 0, 1, 0, 1, 0, 0
1635342237531, 4.53, 1500, XNYS, 4.58, 2300, EDGX, 4.58, 200, IEXG, 222865, 998543, 4.48048, 1800, 2, 4000, 2, 0, 1, 0, 1, 0, 0
1635342237531, 4.53, 1500, XNYS, 4.58, 2300, EDGX, 4.58, 200, XBOS, 223065, 999459, 4.48057, 1800, 2, 4000, 2, 0, 1, 0, 1, 0, 0
1635342237531, 4.54, 300, XPSX, 4.58, 2300, EDGX, 4.57, 200, XNAS, 223265, 1.00037e+06, 4.48065, 300, 1, 4000, 2, 0, 1, 0, 1, 0, 0
1635342237531, 4.54, 300, XPSX, 4.58, 2300, EDGX, 4.58, 100, XCIS, 223365, 1.00083e+06, 4.4807, 300, 1, 4000, 2, 0, 1, 0, 1, 0, 0
1635342237532, 4.54, 300, XPSX, 4.58, 2300, EDGX, 4.57, 100, XNAS, 223465, 1.00129e+06, 4.48074, 300, 1, 4000, 2, 0, 1, 0, 1, 0, 0
1635342237532, 4.54, 300, XPSX, 4.58, 1900, EDGX, 4.58, 400, EDGX, 223865, 1.00312e+06, 4.48092, 300, 1, 3600, 2, 0, 0, 0, 1, 0, 0
1635342237645, 4.53, 1500, XNYS, 4.58, 1700, ARCX, 4.58, 1900, EDGX, 225765, 1.01182e+06, 4.48175, 1800, 2, 1700, 1, 0, 1, 0, 1, 0, 0
1635342237645, 4.53, 1500, XNYS, 4.58, 1700, ARCX, 4.6, 400, EDGX, 226165, 1.01366e+06, 4.48196, 1800, 2, 1700, 1, 0, 0, 0, 1, 0, 1
1635342237645, 4.55, 100, XNAS, 4.6, 1000, ARCX, 4.58, 700, ARCX, 226865, 1.01687e+06, 4.48226, 100, 1, 1300, 3, 0, 1, 0, 1, 0, 0
1635342237645, 4.55, 100, XNAS, 4.6, 1000, ARCX, 4.58, 1000, ARCX, 227865, 1.02145e+06, 4.48269, 100, 1, 1300, 3, 0, 1, 0, 1, 0, 0
1635342238496, 4.55, 500, IEXG, 4.6, 1000, ARCX, 4.5995, 500, XADF, 228365, 1.02375e+06, 4.48295, 500, 1, 1900, 4, 0, 1, 0, 1, 0, 0
1635342239247, 4.55, 500, IEXG, 4.59, 200, XNAS, 4.59, 100, XNAS, 228465, 1.02421e+06, 4.48299, 500, 1, 200, 1, 0, 0, 0, 1, 0, 0
1635342239251, 4.55, 500, IEXG, 4.59, 100, XNAS, 4.59, 17, XNAS, 228482, 1.02429e+06, 4.483, 500, 1, 100, 1, 1, 0, 0, 1, 0, 0
1635342239260, 4.55, 500, IEXG, 4.59, 100, XNAS, 4.59, 100, XADF, 228582, 1.02474e+06, 4.48305, 500, 1, 100, 1, 0, 1, 0, 1, 0, 0
1635342239734, 4.55, 500, IEXG, 4.59, 100, XNAS, 4.59, 1500, XADF, 230082, 1.03163e+06, 4.48375, 500, 1, 100, 1, 0, 1, 0, 1, 0, 0
1635342240192, 4.55, 500, IEXG, 4.59, 100, XNAS, 4.5659, 300, XADF, 230382, 1.033e+06, 4.48385, 500, 1, 100, 1, 0, 1, 0, 0, 1, 0
1635342240306, 4.55, 500, IEXG, 4.59, 800, ARCX, 4.59, 111, ARCX, 230493, 1.03351e+06, 4.4839, 500, 1, 900, 2, 0, 0, 0, 1, 0, 0
1635342241008, 4.55, 500, IEXG, 4.59, 800, ARCX, 4.59, 100, XNAS, 230593, 1.03397e+06, 4.48395, 500, 1, 800, 1, 0, 1, 0, 1, 0, 0
1635342241008, 4.55, 500, IEXG, 4.59, 600, ARCX, 4.59, 200, ARCX, 230793, 1.03489e+06, 4.48404, 800, 2, 600, 1, 0, 0, 0, 1, 0, 0
1635342241008, 4.55, 500, IEXG, 4.6, 1000, ARCX, 4.59, 689, ARCX, 231482, 1.03805e+06, 4.48436, 800, 2, 1700, 4, 0, 1, 0, 1, 0, 0
1635342241672, 4.55, 500, IEXG, 4.6, 1000, ARCX, 4.5718, 500, XADF, 231982, 1.04033e+06, 4.48454, 500, 1, 1900, 4, 0, 1, 0, 0, 1, 0
1635342242110, 4.55, 500, IEXG, 4.6, 1000, ARCX, 4.575, 300, XADF, 232282, 1.04171e+06, 4.48466, 500, 1, 1900, 4, 0, 1, 1, 0, 0, 0
1635342243776, 4.55, 500, IEXG, 4.59, 500, ARCX, 4.55, 100, XADF, 232382, 1.04216e+06, 4.48469, 500, 1, 500, 1, 0, 1, 0, 0, 1, 0
1635342245815, 4.55, 500, IEXG, 4.59, 500, ARCX, 4.57, 69, XADF, 232451, 1.04248e+06, 4.48472, 500, 1, 500, 1, 1, 1, 1, 0, 0, 0
1635342246438, 4.55, 100, IEXG, 4.59, 4000, EDGX, 4.56, 43, XBOS, 232494, 1.04267e+06, 4.48473, 100, 1, 4500, 2, 1, 0, 0, 0, 1, 0
1635342246439, 4.55, 100, IEXG, 4.59, 4000, EDGX, 4.56, 100, IEXG, 232594, 1.04313e+06, 4.48476, 200, 2, 4500, 2, 0, 1, 0, 0, 1, 0
1635342246459, 4.55, 100, IEXG, 4.59, 4000, EDGX, 4.55, 94, EDGA, 232688, 1.04356e+06, 4.48479, 200, 2, 4500, 2, 1, 0, 0, 0, 1, 0
1635342250626, 4.55, 100, IEXG, 4.59, 4000, EDGX, 4.57, 100, XADF, 232788, 1.04401e+06, 4.48482, 200, 2, 4000, 1, 0, 1, 1, 0, 0, 0
1635342252602, 4.55, 100, IEXG, 4.59, 4000, EDGX, 4.5806, 100, XADF, 232888, 1.04447e+06, 4.48487, 200, 2, 4000, 1, 0, 1, 0, 1, 0, 0
1635342252733, 4.55, 100, IEXG, 4.59, 4000, EDGX, 4.57, 25, XADF, 232913, 1.04459e+06, 4.48487, 200, 2, 4000, 1, 1, 1, 1, 0, 0, 0
1635342253480, 4.55, 100, IEXG, 4.59, 4000, EDGX, 4.5649, 300, XADF, 233213, 1.04596e+06, 4.48498, 100, 1, 4000, 1, 0, 1, 0, 0, 1, 0
1635342253589, 4.55, 100, IEXG, 4.59, 4000, EDGX, 4.55, 100, IEXG, 233313, 1.04641e+06, 4.48501, 100, 1, 4000, 1, 0, 0, 0, 0, 1, 0
1635342253589, 4.54, 1000, EDGX, 4.59, 4000, EDGX, 4.55, 5, XNAS, 233318, 1.04643e+06, 4.48501, 1000, 1, 4000, 1, 1, 0, 0, 0, 1, 0
1635342253589, 4.54, 1000, EDGX, 4.59, 4000, EDGX, 4.55, 1, XNAS, 233319, 1.04644e+06, 4.48501, 1000, 1, 4000, 1, 1, 0, 0, 0, 1, 0
1635342253589, 4.54, 1000, EDGX, 4.59, 4000, EDGX, 4.55, 20, XNAS, 233339, 1.04653e+06, 4.48501, 1000, 1, 4000, 1, 1, 0, 0, 0, 1, 0
1635342253589, 4.54, 1000, EDGX, 4.55, 100, IEXG, 4.55, 5, BATS, 233344, 1.04655e+06, 4.48501, 1000, 1, 100, 1, 1, 0, 0, 1, 0, 0
1635342253589, 4.54, 1000, EDGX, 4.55, 100, IEXG, 4.55, 5, BATS, 233349, 1.04657e+06, 4.48502, 1000, 1, 100, 1, 1, 0, 0, 1, 0, 0
1635342253590, 4.52, 100, BATS, 4.55, 100, IEXG, 4.54, 1000, EDGX, 234349, 1.05111e+06, 4.48525, 100, 1, 100, 1, 0, 1, 0, 1, 0, 0
1635342254541, 4.51, 1000, ARCX, 4.54, 800, EDGX, 4.539, 50, XADF, 234399, 1.05134e+06, 4.48526, 1000, 1, 800, 1, 1, 1, 0, 1, 0, 0
1635342255689, 4.51, 1000, ARCX, 4.57, 300, XNAS, 4.5605, 100, XADF, 234499, 1.0518e+06, 4.48529, 1100, 2, 300, 1, 0, 1, 0, 1, 0, 0
1635342255757, 4.51, 1000, ARCX, 4.57, 300, XNAS, 4.51, 100, EDGA, 234599, 1.05225e+06, 4.4853, 1100, 2, 300, 1, 0, 1, 0, 0, 1, 0
1635342255804, 4.51, 1000, ARCX, 4.56, 300, XPSX, 4.51, 100, XADF, 234699, 1.0527e+06, 4.48531, 1000, 1, 300, 1, 0, 1, 0, 0, 1, 0
1635342255810, 4.51, 1000, ARCX, 4.57, 300, XNAS, 4.51, 100, XADF, 234799, 1.05315e+06, 4.48533, 1000, 1, 300, 1, 0, 1, 0, 0, 1, 0
1635342255887, 4.51, 1000, ARCX, 4.57, 300, XNAS, 4.51, 200, XADF, 234999, 1.05405e+06, 4.48535, 1000, 1, 300, 1, 0, 1, 0, 0, 1, 0
1635342255890, 4.51, 500, ARCX, 4.56, 300, XPSX, 4.51, 500, ARCX, 235499, 1.05631e+06, 4.4854, 500, 1, 300, 1, 0, 0, 0, 0, 1, 0
1635342255890, 4.51, 500, ARCX, 4.55, 100, XNAS, 4.51, 7, XNAS, 235506, 1.05634e+06, 4.4854, 500, 1, 100, 1, 1, 0, 0, 0, 1, 0
1635342255890, 4.48, 3000, BATS, 4.53, 200, XNAS, 4.51, 500, ARCX, 236006, 1.05859e+06, 4.48545, 3000, 1, 200, 1, 0, 1, 0, 1, 0, 0
1635342255890, 4.48, 3000, BATS, 4.53, 200, XNAS, 4.51, 5, BATS, 236011, 1.05862e+06, 4.48545, 3000, 1, 200, 1, 1, 0, 0, 1, 0, 0
1635342255890, 4.48, 3000, BATS, 4.53, 300, MEMX, 4.51, 9, BATS, 236020, 1.05866e+06, 4.48545, 3000, 1, 1300, 5, 1, 0, 0, 1, 0, 0
1635342255891, 4.48, 3000, BATS, 4.53, 300, MEMX, 4.51, 6, XNAS, 236026, 1.05868e+06, 4.48545, 3000, 1, 1000, 4, 1, 0, 0, 1, 0, 0
1635342263486, 4.51, 500, ARCX, 4.55, 100, IEXG, 4.5145, 500, XADF, 236526, 1.06094e+06, 4.48551, 500, 1, 200, 2, 0, 1, 0, 0, 1, 0
1635342265046, 4.48, 3200, BATS, 4.54, 100, XNAS, 4.51, 500, ARCX, 237026, 1.0632e+06, 4.48557, 3500, 2, 100, 1, 0, 1, 1, 0, 0, 0
1635342265474, 4.48, 3200, BATS, 4.55, 100, IEXG, 4.5243, 50, XADF, 237076, 1.06342e+06, 4.48557, 3700, 2, 100, 1, 1, 1, 0, 1, 0, 0
1635342266287, 4.48, 3200, BATS, 4.55, 100, IEXG, 4.48, 5, XADF, 237081, 1.06344e+06, 4.48557, 3700, 2, 100, 1, 1, 1, 0, 0, 1, 0
1635342268714, 4.48, 3200, BATS, 4.55, 100, IEXG, 4.5489, 1000, XADF, 238081, 1.06799e+06, 4.48584, 3700, 2, 100, 1, 0, 1, 0, 1, 0, 0
1635342270027, 4.48, 3200, BATS, 4.55, 100, IEXG, 4.515, 300, XADF, 238381, 1.06935e+06, 4.48588, 3700, 2, 100, 1, 0, 1, 1, 0, 0, 0
1635342270521, 4.48, 3200, BATS, 4.55, 100, IEXG, 4.515, 500, XADF, 238881, 1.07161e+06, 4.48594, 3700, 2, 100, 1, 0, 1, 1, 0, 0, 0
1635342275464, 4.53, 700, XNAS, 4.55, 700, EDGX, 4.53, 255, XNAS, 239136, 1.07276e+06, 4.48599, 700, 1, 1500, 3, 0, 0, 0, 0, 1, 0
1635342275464, 4.5, 200, EDGX, 4.55, 700, EDGX, 4.53, 745, XNAS, 239881, 1.07614e+06, 4.48612, 400, 2, 1500, 3, 0, 1, 0, 1, 0, 0
1635342281295, 4.5, 1000, XNAS, 4.53, 500, MEMX, 4.5284, 1, XADF, 239882, 1.07614e+06, 4.48612, 1800, 4, 1100, 3, 1, 1, 0, 1, 0, 0
1635342285773, 4.5, 1200, XNAS, 4.53, 500, MEMX, 4.5043, 500, XADF, 240382, 1.07839e+06, 4.48616, 2000, 4, 1100, 3, 0, 1, 0, 0, 1, 0
1635342288106, 4.5, 1200, XNAS, 4.53, 500, MEMX, 4.53, 100, XNYS, 240482, 1.07885e+06, 4.48618, 1900, 3, 1100, 3, 0, 1, 0, 1, 0, 0
1635342288106, 4.5, 1200, XNAS, 4.53, 500, MEMX, 4.53, 100, XADF, 240582, 1.0793e+06, 4.4862, 2000, 4, 1100, 3, 0, 1, 0, 1, 0, 0
1635342288107, 4.5, 1200, XNAS, 4.53, 400, MEMX, 4.53, 100, XNAS, 240682, 1.07975e+06, 4.48621, 2000, 4, 900, 3, 0, 0, 0, 1, 0, 0
1635342288107, 4.5, 1200, XNAS, 4.53, 400, MEMX, 4.53, 300, EDGX, 240982, 1.08111e+06, 4.48627, 2000, 4, 600, 2, 0, 1, 0, 1, 0, 0
1635342288107, 4.5, 1200, XNAS, 4.53, 400, MEMX, 4.53, 400, MEMX, 241382, 1.08292e+06, 4.48634, 2000, 4, 600, 2, 0, 0, 0, 1, 0, 0
1635342288108, 4.51, 200, EDGX, 4.53, 200, XNAS, 4.53, 45, XNAS, 241427, 1.08313e+06, 4.48635, 500, 3, 200, 1, 1, 0, 0, 1, 0, 0
1635342288108, 4.51, 200, EDGX, 4.53, 100, XNAS, 4.53, 30, XNAS, 241457, 1.08326e+06, 4.48636, 500, 3, 100, 1, 1, 0, 0, 1, 0, 0
1635342288108, 4.51, 200, EDGX, 4.53, 100, XNAS, 4.53, 15, XNAS, 241472, 1.08333e+06, 4.48636, 500, 3, 100, 1, 1, 0, 0, 1, 0, 0
1635342288108, 4.51, 200, EDGX, 4.55, 200, ARCX, 4.53, 15, XNAS, 241487, 1.0834e+06, 4.48636, 500, 3, 200, 1, 1, 0, 1, 0, 0, 0
1635342288108, 4.51, 200, ARCX, 4.55, 200, ARCX, 4.5199, 100, XADF, 241587, 1.08385e+06, 4.48637, 400, 3, 200, 1, 0, 1, 0, 0, 1, 0
1635342288109, 4.51, 200, ARCX, 4.55, 200, ARCX, 4.5199, 100, XADF, 241687, 1.0843e+06, 4.48639, 400, 3, 200, 1, 0, 1, 0, 0, 1, 0
1635342288110, 4.51, 200, ARCX, 4.55, 200, ARCX, 4.5199, 300, XADF, 241987, 1.08566e+06, 4.48643, 400, 3, 200, 1, 0, 1, 0, 0, 1, 0
1635342288110, 4.51, 200, ARCX, 4.55, 200, ARCX, 4.5199, 400, XADF, 242387, 1.08747e+06, 4.48649, 400, 3, 200, 1, 0, 1, 0, 0, 1, 0
1635342288110, 4.51, 200, ARCX, 4.55, 200, ARCX, 4.5199, 100, XADF, 242487, 1.08792e+06, 4.4865, 400, 3, 200, 1, 0, 1, 0, 0, 1, 0
1635342293347, 4.5, 1200, XNAS, 4.55, 200, ARCX, 4.525, 95, XADF, 242582, 1.08835e+06, 4.48651, 1700, 3, 200, 1, 1, 1, 1, 0, 0, 0
1635342295456, 4.5, 1200, XNAS, 4.52, 400, ARCX, 4.52, 1000, XADF, 243582, 1.09287e+06, 4.48665, 1700, 3, 400, 1, 0, 1, 0, 1, 0, 0
1635342297492, 4.5, 1200, XNAS, 4.52, 400, ARCX, 4.5199, 1000, XADF, 244582, 1.09739e+06, 4.48679, 1700, 3, 400, 1, 0, 1, 0, 1, 0, 0
1635342298125, 4.51, 600, XNAS, 4.55, 200, ARCX, 4.52, 400, ARCX, 244982, 1.0992e+06, 4.48684, 600, 1, 200, 1, 0, 1, 0, 0, 1, 0
1635342298125, 4.51, 600, XNAS, 4.55, 200, ARCX, 4.53, 2, IEXG, 244984, 1.0992e+06, 4.48684, 600, 1, 200, 1, 1, 0, 1, 0, 0, 0
1635342302124, 4.51, 600, XNAS, 4.56, 300, ARCX, 4.52, 5, EDGX, 244989, 1.09923e+06, 4.48684, 700, 2, 300, 1, 1, 0, 0, 0, 1, 0
1635342302127, 4.51, 600, XNAS, 4.56, 300, ARCX, 4.535, 100, XADF, 245089, 1.09968e+06, 4.48686, 700, 2, 300, 1, 0, 1, 1, 0, 0, 0
1635342302127, 4.51, 600, XNAS, 4.56, 300, ARCX, 4.535, 100, XADF, 245189, 1.10013e+06, 4.48688, 700, 2, 300, 1, 0, 1, 1, 0, 0, 0
1635342302163, 4.51, 600, XNAS, 4.56, 300, ARCX, 4.5112, 100, XADF, 245294, 1.10061e+06, 4.48689, 700, 2, 300, 1, 0, 1, 0, 0, 1, 0
1635342302180, 4.51, 600, XNAS, 4.56, 300, ARCX, 4.5112, 100, XADF, 245394, 1.10106e+06, 4.4869, 700, 2, 400, 2, 0, 1, 0, 0, 1, 0
1635342302304, 4.51, 600, XNAS, 4.56, 300, ARCX, 4.51, 1000, XADF, 246394, 1.10557e+06, 4.487, 700, 2, 400, 2, 0, 1, 0, 0, 1, 0
1635342302309, 4.51, 600, XNAS, 4.55, 300, XPSX, 4.51, 300, XADF, 246694, 1.10692e+06, 4.48702, 600, 1, 300, 1, 0, 1, 0, 0, 1, 0
1635342302314, 4.51, 600, XNAS, 4.55, 300, XPSX, 4.51, 300, XADF, 246994, 1.10827e+06, 4.48705, 600, 1, 300, 1, 0, 1, 0, 0, 1, 0
1635342302319, 4.51, 600, XNAS, 4.55, 300, XPSX, 4.51, 195, XADF, 247189, 1.10915e+06, 4.48707, 600, 1, 300, 1, 0, 1, 0, 0, 1, 0
1635342307909, 4.52, 200, ARCX, 4.55, 1000, XNAS, 4.521, 300, XADF, 247489, 1.11051e+06, 4.48711, 200, 1, 1000, 1, 0, 1, 0, 0, 1, 0
1635342307913, 4.52, 200, ARCX, 4.55, 1000, XNAS, 4.521, 300, XADF, 247789, 1.11187e+06, 4.48715, 200, 1, 1000, 1, 0, 1, 0, 0, 1, 0
1635342307914, 4.52, 200, ARCX, 4.55, 1000, XNAS, 4.521, 400, XADF, 248189, 1.11368e+06, 4.48721, 200, 1, 1000, 1, 0, 1, 0, 0, 1, 0
1635342319128, 4.5, 1200, XNAS, 4.54, 300, ARCX, 4.52, 4000, XADF, 252189, 1.13176e+06, 4.48773, 1400, 2, 600, 3, 0, 1, 1, 0, 0, 0
1635342319627, 4.51, 300, XNAS, 4.54, 300, ARCX, 4.525, 50, XADF, 252239, 1.13198e+06, 4.48773, 300, 1, 600, 3, 1, 1, 1, 0, 0, 0
1635342319862, 4.51, 300, XNAS, 4.54, 300, ARCX, 4.525, 3000, XADF, 255239, 1.14556e+06, 4.48817, 300, 1, 600, 3, 0, 1, 1, 0, 0, 0
1635342320202, 4.51, 300, XNAS, 4.54, 300, ARCX, 4.525, 50, XADF, 255289, 1.14578e+06, 4.48818, 300, 1, 600, 3, 1, 1, 1, 0, 0, 0
1635342320972, 4.51, 300, XNAS, 4.54, 300, ARCX, 4.525, 100, XADF, 255389, 1.14624e+06, 4.48819, 300, 1, 600, 3, 0, 1, 1, 0, 0, 0
1635342322747, 4.51, 300, XNAS, 4.54, 300, ARCX, 4.5138, 100, XADF, 255489, 1.14669e+06, 4.4882, 300, 1, 600, 3, 0, 1, 0, 0, 1, 0
1635342322752, 4.51, 200, XNAS, 4.54, 300, ARCX, 4.51, 17, XNAS, 255506, 1.14676e+06, 4.48821, 200, 1, 600, 3, 1, 0, 0, 0, 1, 0
1635342322775, 4.51, 200, XNAS, 4.54, 300, ARCX, 4.51, 100, XADF, 255606, 1.14721e+06, 4.48821, 200, 1, 500, 2, 0, 1, 0, 0, 1, 0
1635342324134, 4.51, 200, XNAS, 4.54, 300, ARCX, 4.5225, 4000, XADF, 259606, 1.1653e+06, 4.48874, 200, 1, 500, 2, 0, 1, 0, 0, 1, 0
1635342325616, 4.51, 200, XNAS, 4.54, 300, ARCX, 4.5399, 300, XADF, 259906, 1.16667e+06, 4.4888, 200, 1, 600, 3, 0, 1, 0, 1, 0, 0
1635342326715, 4.51, 200, XNAS, 4.54, 300, ARCX, 4.51, 1000, XADF, 260906, 1.17118e+06, 4.48888, 200, 1, 600, 3, 0, 1, 0, 0, 1, 0
1635342327144, 4.51, 200, XNAS, 4.54, 300, ARCX, 4.51, 283, XNAS, 261189, 1.17245e+06, 4.48891, 200, 1, 600, 3, 0, 0, 0, 0, 1, 0
1635342327145, 4.5, 1200, XNAS, 4.53, 200, XNAS, 4.51, 100, XADF, 261289, 1.1729e+06, 4.48891, 1400, 2, 300, 2, 0, 1, 0, 0, 1, 0
1635342327145, 4.5, 200, XNAS, 4.53, 200, XNAS, 4.5, 1000, XNAS, 262289, 1.1774e+06, 4.48896, 400, 2, 300, 2, 0, 0, 0, 0, 1, 0
1635342327145, 4.5, 200, MEMX, 4.53, 200, XNAS, 4.5, 200, XNAS, 262489, 1.1783e+06, 4.48896, 200, 1, 300, 2, 0, 1, 0, 0, 1, 0
1635342327145, 4.5, 200, MEMX, 4.53, 200, XNAS, 4.5, 9, XNAS, 262498, 1.17834e+06, 4.48896, 200, 1, 300, 2, 1, 0, 0, 0, 1, 0
1635342327145, 4.48, 3000, BATS, 4.53, 200, XNAS, 4.5, 200, MEMX, 262698, 1.17924e+06, 4.48897, 3300, 2, 300, 2, 0, 1, 0, 0, 1, 0
1635342327145, 4.48, 3000, BATS, 4.53, 200, XNAS, 4.5, 9, BATS, 262707, 1.17928e+06, 4.48897, 3300, 2, 300, 2, 1, 0, 0, 0, 1, 0
1635342327145, 4.48, 3000, BATS, 4.53, 200, XNAS, 4.5, 2108, XADF, 264815, 1.18877e+06, 4.48906, 3300, 2, 600, 5, 0, 1, 0, 0, 1, 0
1635342327150, 4.48, 3000, BATS, 4.52, 100, IEXG, 4.51, 100, XBOS, 264915, 1.18922e+06, 4.48907, 3300, 2, 100, 1, 0, 1, 0, 1, 0, 0
1635342327154, 4.48, 3000, BATS, 4.54, 500, IEXG, 4.525, 100, XADF, 265015, 1.18967e+06, 4.48908, 3700, 3, 1000, 3, 0, 1, 0, 1, 0, 0
1635342329791, 4.48, 3000, BATS, 4.54, 500, IEXG, 4.49, 100, XNAS, 265115, 1.19012e+06, 4.48908, 3200, 3, 1000, 3, 0, 1, 0, 0, 1, 0
1635342329791, 4.48, 3000, BATS, 4.54, 500, IEXG, 4.48, 5, XNAS, 265120, 1.19015e+06, 4.48908, 3200, 3, 1000, 3, 1, 0, 0, 0, 1, 0
1635342329791, 4.48, 3000, BATS, 4.54, 500, IEXG, 4.48, 195, XNAS, 265315, 1.19102e+06, 4.48908, 3200, 3, 1000, 3, 0, 0, 0, 0, 1, 0
1635342329791, 4.48, 900, BATS, 4.53, 300, XPSX, 4.48, 2096, BATS, 267411, 1.20041e+06, 4.489, 1100, 3, 300, 1, 0, 0, 0, 0, 1, 0
1635342330489, 4.48, 900, BATS, 4.54, 500, IEXG, 4.51, 9, EDGX, 267420, 1.20045e+06, 4.48901, 1200, 2, 1000, 3, 1, 0, 1, 0, 0, 0
1635342330491, 4.48, 900, BATS, 4.54, 500, IEXG, 4.4809, 1491, XADF, 268911, 1.20713e+06, 4.48896, 1200, 2, 1000, 3, 0, 1, 0, 0, 1, 0
1635342332030, 4.48, 900, BATS, 4.54, 500, IEXG, 4.49, 100, BATS, 269011, 1.20758e+06, 4.48896, 900, 1, 800, 2, 0, 1, 0, 0, 1, 0
1635342332030, 4.48, 900, BATS, 4.54, 500, IEXG, 4.48, 100, MEMX, 269111, 1.20803e+06, 4.48896, 900, 1, 800, 2, 0, 1, 0, 0, 1, 0
1635342332425, 4.48, 900, BATS, 4.54, 500, IEXG, 4.51, 6, EDGX, 269117, 1.20805e+06, 4.48896, 1200, 2, 800, 2, 1, 0, 1, 0, 0, 0
