Timestamp,Price,Size,Exchange,Type
2021-03-05 09:37:01.761,737.57,44,CBOE,Ask
2021-03-05 09:46:02.048,744.61,33,NYSE_ARCA,Ask
2021-03-05 09:48:02.475,847.92,64,NSX,Bid
2021-03-05 09:53:02.899,767.15,58,NASDAQ,Ask
2021-03-05 09:54:02.901,664.72,17,CBOE,Bid
2021-03-05 10:02:03.280,705.09,76,NYSE_ARCA,Ask
2021-03-05 10:10:03.750,706.58,15,NSX,Bid
2021-03-05 10:16:04.372,697.81,56,NASDAQ,Bid
2021-03-05 10:24:05.014,821.86,67,CBOE,Ask
2021-03-05 10:26:05.274,820.52,39,NYSE_ARCA,Ask
2021-03-05 10:28:06.157,808.84,3,NASDAQ,Ask
2021-03-05 10:35:06.932,876.75,37,CBOE,Bid
2021-03-05 10:41:07.557,774.25,75,NYSE,Ask
2021-03-05 10:50:08.550,928.11,61,NSX,Bid
2021-03-05 10:57:09.204,790.9,84,NSX,Ask
2021-03-05 10:57:09.579,711.47,93,CBOE,Bid
2021-03-05 11:05:10.440,787.01,63,NYSE,Ask
2021-03-05 11:11:11.428,727.68,93,NSX,Ask
2021-03-05 11:12:12.356,868.73,87,NSX,Bid
2021-03-05 11:19:13.258,746.61,95,CBOE,Ask
2021-03-05 11:23:13.746,657.6,43,NSX,Bid
2021-03-05 11:32:14.334,684.75,92,CBOE,Ask
2021-03-05 11:34:14.458,558.65,5,CBOE,Ask
2021-03-05 11:38:14.855,478.6,52,CBOE,Ask
2021-03-05 11:38:15.304,402.52,88,NSX,Bid
2021-03-05 11:43:15.633,399.99,90,NYSE,Bid
2021-03-05 11:44:16.266,349.26,10,NSX,Bid
2021-03-05 11:44:16.937,327.97,47,NYSE_ARCA,Bid
2021-03-05 11:51:17.227,318.06,80,NASDAQ,Bid
2021-03-05 11:52:17.832,325.27,50,NYSE_ARCA,Bid
2021-03-05 11:52:18.090,344.6,17,CBOE,Ask
2021-03-05 11:54:18.982,311.5,8,NYSE_ARCA,Ask
2021-03-05 12:02:19.431,266.89,22,NYSE_ARCA,Bid
2021-03-05 12:03:20.296,246.65,88,NSX,Ask
2021-03-05 12:03:20.704,228.88,14,NYSE_ARCA,Ask
2021-03-05 12:06:21.431,217.25,5,NYSE,Bid
2021-03-05 12:06:22.396,191.3,59,NYSE_ARCA,Ask
2021-03-05 12:06:22.715,160.53,99,NYSE_ARCA,Ask
2021-03-05 12:07:23.210,130.86,52,NSX,Bid
2021-03-05 12:12:23.623,151.84,43,NASDAQ,Bid
2021-03-05 12:16:24.529,176.05,61,NASDAQ,Bid
2021-03-05 12:24:25.067,194.79,83,NYSE_ARCA,Ask
2021-03-05 12:24:25.184,228.56,66,NSX,Ask
2021-03-05 12:25:26.125,270.89,87,NSX,Bid
2021-03-05 12:32:26.971,224.73,31,NSX,Ask
2021-03-05 12:38:27.493,204.43,6,NYSE_ARCA,Ask
2021-03-05 12:39:28.377,233.15,34,NSX,Bid
2021-03-05 12:41:28.868,189.34,37,NYSE_ARCA,Ask
2021-03-05 12:48:28.987,187.15,86,NYSE,Bid
2021-03-05 12:53:29.518,182.74,49,NYSE,Ask
2021-03-05 12:58:30.152,183.91,29,CBOE,Bid
2021-03-05 13:02:30.271,150.56,41,NYSE,Bid
2021-03-05 13:08:31.207,176.69,93,NYSE_ARCA,Bid
2021-03-05 13:13:31.417,181.34,94,NSX,Ask
2021-03-05 13:21:31.935,186.77,36,NSX,Ask
2021-03-05 13:26:32.353,191.78,13,NASDAQ,Ask
2021-03-05 13:34:32.855,187.21,73,NSX,Ask
2021-03-05 13:36:33.488,159.14,86,NYSE_ARCA,Ask
2021-03-05 13:36:34.344,165.29,38,NASDAQ,Ask
2021-03-05 13:40:35.243,182.7,80,NYSE,Bid
2021-03-05 13:40:35.838,164.32,5,CBOE,Ask
2021-03-05 13:46:36.079,155.34,37,NSX,Ask
2021-03-05 13:48:36.212,132.07,32,NASDAQ,Bid
2021-03-05 13:48:36.351,117.82,13,NYSE_ARCA,Bid
2021-03-05 13:48:36.588,108.46,57,CBOE,Bid
2021-03-05 13:52:36.933,128.26,66,NYSE_ARCA,Bid
2021-03-05 13:56:36.969,124.51,41,NSX,Ask
2021-03-05 14:04:37.809,142.37,74,NYSE,Bid
2021-03-05 14:11:38.253,166.35,6,CBOE,Bid
2021-03-05 14:13:39.044,193.87,27,NSX,Ask
2021-03-05 14:20:39.527,185.22,12,NYSE_ARCA,Bid
2021-03-05 14:23:40.498,149.55,98,NASDAQ,Bid
2021-03-05 14:29:41.427,146.85,11,NYSE,Ask
2021-03-05 14:36:42.221,122.3,55,CBOE,Bid
2021-03-05 14:45:42.503,133.01,7,NASDAQ,Ask
2021-03-05 14:49:43.038,108.19,32,NASDAQ,Bid
2021-03-05 14:56:43.811,91.21,80,NYSE,Ask
2021-03-05 14:57:44.483,76.35,25,CBOE,Bid
2021-03-05 15:03:45.382,67.92,32,NYSE_ARCA,Bid
2021-03-05 15:10:46.333,78.95,84,NASDAQ,Bid
2021-03-05 15:10:47.240,82.91,45,NASDAQ,Bid
2021-03-05 15:13:47.933,97.44,62,NYSE,Bid
2021-03-05 15:20:48.461,111.19,34,NYSE_ARCA,Bid
2021-03-05 15:20:49.246,102.09,34,CBOE,Ask
2021-03-05 15:29:50.161,120.55,95,NYSE,Bid
2021-03-05 15:35:50.688,133.86,18,NYSE,Ask
2021-03-05 15:36:51.134,129.41,62,NSX,Ask
2021-03-05 15:39:51.591,120.23,82,NYSE,Bid
2021-03-05 15:42:52.280,124.27,13,NYSE_ARCA,Ask
2021-03-05 15:47:52.452,130.79,32,NYSE_ARCA,Bid
2021-03-05 15:48:52.510,128.06,44,NSX,Bid
2021-03-05 15:57:53.451,127.67,65,NYSE,Bid
2021-03-05 16:01:53.685,137.36,57,CBOE,Bid
2021-03-05 16:06:54.551,162.06,45,NYSE,Ask
2021-03-05 16:14:54.773,140.25,82,NSX,Ask
2021-03-05 16:15:55.154,123.08,78,NYSE,Ask
2021-03-05 16:17:55.891,103.09,10,NYSE,Bid
2021-03-05 16:21:56.276,122.01,22,CBOE,Ask
2021-03-05 16:27:56.586,116.74,68,NYSE,Ask
2021-03-05 16:35:56.810,120.77,99,NYSE_ARCA,Bid
