Timestamp,Price,Size,Exchange,Type
2021-03-05 09:36:01.839,73.77,73,NYSE_ARCA,Bid
2021-03-05 09:36:02.356,69.97,63,NYSE_ARCA,Ask
2021-03-05 09:40:02.780,81.68,42,CBOE,Ask
2021-03-05 09:44:02.836,69.3,75,CBOE,Ask
2021-03-05 09:52:03.219,66.98,1,NASDAQ,Bid
2021-03-05 09:55:03.242,74.98,70,NASDAQ,Ask
2021-03-05 10:04:04.114,75.67,26,NYSE,Ask
2021-03-05 10:07:04.423,70.9,39,NASDAQ,Bid
2021-03-05 10:10:04.673,68.77,75,CBOE,Bid
2021-03-05 10:17:04.982,79.25,40,NYSE_ARCA,Ask
2021-03-05 10:20:05.036,83.4,8,NASDAQ,Bid
2021-03-05 10:20:05.593,78.96,55,CBOE,Bid
2021-03-05 10:23:06.439,70.24,74,CBOE,Ask
2021-03-05 10:31:07.295,84.31,53,CBOE,Ask
2021-03-05 10:32:07.533,74.37,6,CBOE,Ask
2021-03-05 10:37:08.527,74.16,3,NASDAQ,Ask
2021-03-05 10:37:09.290,59.58,56,NASDAQ,Bid
2021-03-05 10:40:09.881,55.49,87,NYSE_ARCA,Bid
2021-03-05 10:40:10.278,56.19,100,NASDAQ,Ask
2021-03-05 10:41:11.196,65.72,19,NSX,Ask
2021-03-05 10:50:11.840,74.06,74,NSX,Bid
2021-03-05 10:57:12.227,66.3,70,CBOE,Ask
2021-03-05 11:02:12.325,69.54,60,NYSE_ARCA,Bid
2021-03-05 11:09:13.041,68.69,59,NYSE_ARCA,Bid
2021-03-05 11:10:13.421,68.78,4,NYSE,Ask
2021-03-05 11:12:13.456,82.41,20,NSX,Ask
2021-03-05 11:13:14.299,96.85,15,NYSE_ARCA,Bid
2021-03-05 11:15:14.327,101.17,5,NASDAQ,Ask
2021-03-05 11:18:14.878,118.48,98,NYSE,Ask
2021-03-05 11:22:15.795,135.08,72,NYSE_ARCA,Bid
2021-03-05 11:29:16.038,151.09,77,NASDAQ,Ask
2021-03-05 11:36:17.006,180.69,10,NSX,Bid
2021-03-05 11:41:17.816,158.85,18,NYSE,Ask
2021-03-05 11:48:18.669,132.95,73,NSX,Ask
2021-03-05 11:49:18.879,112.89,37,CBOE,Bid
2021-03-05 11:50:19.673,122.87,32,NSX,Bid
2021-03-05 11:56:20.104,138.59,1,NYSE_ARCA,Bid
2021-03-05 11:56:20.344,155.96,93,NASDAQ,Ask
2021-03-05 12:05:21.042,141.77,20,CBOE,Bid
2021-03-05 12:11:21.165,119.28,58,NYSE_ARCA,Ask
2021-03-05 12:16:21.613,137.81,84,NSX,Bid
2021-03-05 12:17:22.035,144.61,42,NYSE,Ask
2021-03-05 12:18:22.334,130.29,32,NSX,Ask
2021-03-05 12:25:22.336,128.4,57,NSX,Ask
2021-03-05 12:29:23.140,146.56,72,NSX,Bid
2021-03-05 12:36:23.530,130.98,65,NYSE,Ask
2021-03-05 12:43:23.955,118.36,100,NYSE,Bid
2021-03-05 12:47:24.193,139.56,73,CBOE,Ask
2021-03-05 12:49:24.964,126.74,66,NSX,Ask
2021-03-05 12:57:25.543,122.79,53,NSX,Bid
2021-03-05 13:06:26.052,143.67,14,NYSE_ARCA,Ask
2021-03-05 13:11:26.283,170.26,23,NYSE,Bid
2021-03-05 13:18:26.378,178.21,70,NYSE,Ask
2021-03-05 13:19:27.080,164.26,52,CBOE,Ask
2021-03-05 13:24:27.999,192.74,25,NYSE_ARCA,Ask
2021-03-05 13:30:28.144,200.67,46,NASDAQ,Bid
2021-03-05 13:32:28.680,194.12,74,NASDAQ,Ask
2021-03-05 13:39:29.553,208.4,31,NYSE,Bid
2021-03-05 13:46:29.986,177.92,2,NSX,Bid
2021-03-05 13:46:30.291,155.4,11,NYSE,Bid
2021-03-05 13:53:31.084,136.74,81,NSX,Bid
2021-03-05 14:00:31.391,112.66,90,NYSE_ARCA,Bid
2021-03-05 14:08:31.553,118.61,73,NYSE,Bid
2021-03-05 14:10:32.049,118.36,78,NASDAQ,Ask
2021-03-05 14:13:32.891,121.67,25,NASDAQ,Bid
2021-03-05 14:17:32.953,97.83,13,NASDAQ,Bid
2021-03-05 14:19:33.793,92.41,59,CBOE,Ask
2021-03-05 14:23:34.361,107.43,48,CBOE,Ask
2021-03-05 14:25:35.014,114.87,16,NASDAQ,Ask
2021-03-05 14:34:35.820,128.55,79,CBOE,Bid
2021-03-05 14:43:36.694,140.62,2,NSX,Ask
2021-03-05 14:46:37.454,155.02,57,NASDAQ,Bid
2021-03-05 14:52:38.282,185.52,2,NYSE,Bid
2021-03-05 15:01:38.627,213.41,55,NYSE,Bid
2021-03-05 15:04:38.961,212.68,40,NSX,Ask
2021-03-05 15:04:39.218,240.74,17,NSX,Bid
2021-03-05 15:07:39.422,219.04,16,NYSE_ARCA,Ask
2021-03-05 15:09:40.417,179.95,42,NYSE,Bid
2021-03-05 15:14:40.421,205.52,80,NSX,Bid
2021-03-05 15:20:40.817,201.87,37,NSX,Ask
2021-03-05 15:21:41.609,184.99,59,NYSE,Bid
2021-03-05 15:23:41.859,149.58,48,NSX,Bid
2021-03-05 15:28:42.451,174.94,72,NSX,Bid
2021-03-05 15:29:42.875,195.21,90,NYSE_ARCA,Bid
2021-03-05 15:34:43.630,211.72,53,NASDAQ,Bid
2021-03-05 15:38:43.687,205.58,60,NASDAQ,Bid
2021-03-05 15:41:43.828,220.17,99,NSX,Bid
2021-03-05 15:43:44.610,216.91,71,NYSE_ARCA,Bid
2021-03-05 15:44:45.339,236.56,48,NSX,Bid
2021-03-05 15:49:45.816,220.76,2,NYSE_ARCA,Bid
2021-03-05 15:50:46.271,227.11,85,NYSE_ARCA,Ask
2021-03-05 15:51:46.964,199.59,51,NYSE_ARCA,Bid
2021-03-05 15:59:47.560,219.42,39,CBOE,Bid
2021-03-05 16:00:47.915,199.47,92,NSX,Ask
2021-03-05 16:00:48.196,194.31,85,NSX,Ask
2021-03-05 16:07:48.997,210.13,33,NYSE_ARCA,Bid
2021-03-05 16:12:49.577,244.09,86,NSX,Bid
2021-03-05 16:17:50.568,245.02,60,NYSE_ARCA,Bid
2021-03-05 16:17:50.811,259.25,81,NSX,Bid
2021-03-05 16:24:51.028,265.15,89,NSX,Ask
