Timestamp,Price,Size,Exchange,Type
2021-03-05 09:33:01.184,254.81,22,NYSE_ARCA,Bid
2021-03-05 09:42:01.752,261.82,97,NASDAQ,Bid
2021-03-05 09:47:02.668,309.36,15,NYSE_ARCA,Ask
2021-03-05 09:49:02.940,313.58,76,CBOE,Ask
2021-03-05 09:56:03.161,259.26,7,NYSE_ARCA,Ask
2021-03-05 09:59:03.372,257.99,42,NYSE_ARCA,Bid
2021-03-05 10:08:04.290,301.37,72,CBOE,Ask
2021-03-05 10:14:04.454,254.48,45,NYSE_ARCA,Bid
2021-03-05 10:17:04.994,253.26,26,CBOE,Bid
2021-03-05 10:25:05.217,265.33,88,CBOE,Bid
2021-03-05 10:25:05.368,251.91,35,NYSE,Bid
2021-03-05 10:34:05.748,208.72,26,NSX,Bid
2021-03-05 10:40:06.183,225.93,5,NSX,Ask
2021-03-05 10:41:07.032,202.46,44,NSX,Bid
2021-03-05 10:49:07.387,236.35,92,NSX,Bid
2021-03-05 10:56:08.090,231.98,95,CBOE,Bid
2021-03-05 10:57:08.381,232.6,84,CBOE,Ask
2021-03-05 11:06:08.966,197.8,52,NSX,Bid
2021-03-05 11:07:09.138,210.23,94,NASDAQ,Ask
2021-03-05 11:12:09.429,177.8,100,NYSE_ARCA,Ask
2021-03-05 11:14:09.450,189.57,76,NYSE,Bid
2021-03-05 11:23:09.772,215.18,32,NSX,Ask
2021-03-05 11:27:10.656,188.07,41,NASDAQ,Bid
2021-03-05 11:34:11.535,220.22,35,NASDAQ,Ask
2021-03-05 11:39:12.157,245.69,12,NASDAQ,Bid
2021-03-05 11:45:12.336,227.46,91,CBOE,Ask
2021-03-05 11:52:13.136,231.61,33,CBOE,Ask
2021-03-05 11:57:13.797,185.06,61,NYSE_ARCA,Bid
2021-03-05 12:04:14.352,152.7,26,CBOE,Bid
2021-03-05 12:06:15.324,128.8,28,CBOE,Ask
2021-03-05 12:11:16.047,107.15,63,CBOE,Ask
2021-03-05 12:13:16.849,114.96,93,CBOE,Bid
2021-03-05 12:18:17.358,107.25,77,NYSE,Bid
2021-03-05 12:26:18.141,102.43,63,NSX,Bid
2021-03-05 12:27:18.343,120.2,25,NASDAQ,Ask
2021-03-05 12:27:18.411,124.56,78,CBOE,Ask
2021-03-05 12:32:18.722,129.52,29,NSX,Bid
2021-03-05 12:33:19.174,148.29,29,CBOE,Ask
2021-03-05 12:39:19.773,140.93,45,NASDAQ,Bid
2021-03-05 12:42:20.067,157.63,71,CBOE,Bid
2021-03-05 12:46:20.612,165.06,71,NYSE,Bid
2021-03-05 12:52:21.364,173.53,49,NYSE,Ask
2021-03-05 12:58:22.085,161.69,20,NSX,Ask
2021-03-05 12:59:22.463,155.56,60,NASDAQ,Bid
2021-03-05 13:01:22.807,149.69,55,NSX,Bid
2021-03-05 13:04:22.979,150.54,66,CBOE,Bid
2021-03-05 13:07:23.672,133.62,57,NYSE,Ask
2021-03-05 13:12:24.201,145.17,60,NYSE,Bid
2021-03-05 13:19:24.729,132.1,36,NSX,Bid
2021-03-05 13:21:25.564,124.42,54,NYSE_ARCA,Ask
2021-03-05 13:29:26.141,140.8,63,NASDAQ,Bid
2021-03-05 13:37:26.356,128.1,22,NASDAQ,Bid
2021-03-05 13:43:26.808,135.08,2,NASDAQ,Bid
2021-03-05 13:51:27.514,139.28,41,NASDAQ,Bid
2021-03-05 13:57:28.099,157.15,65,NYSE_ARCA,Ask
2021-03-05 14:01:28.266,142.08,23,NYSE_ARCA,Bid
2021-03-05 14:05:29.088,158.79,73,NYSE_ARCA,Bid
2021-03-05 14:10:29.752,161.85,85,NYSE,Ask
2021-03-05 14:13:30.009,182.55,40,NYSE_ARCA,Ask
2021-03-05 14:20:30.654,215.05,59,NASDAQ,Bid
2021-03-05 14:23:31.193,190.62,66,NSX,Bid
2021-03-05 14:32:31.309,204.47,71,NSX,Bid
2021-03-05 14:32:32.031,233.67,98,NYSE,Ask
2021-03-05 14:37:32.320,278.36,91,CBOE,Bid
2021-03-05 14:40:33.288,304.98,19,NYSE_ARCA,Bid
2021-03-05 14:47:33.858,293.11,37,NYSE,Bid
2021-03-05 14:51:34.208,318.87,74,NSX,Bid
2021-03-05 14:54:35.008,260.83,43,NYSE_ARCA,Bid
2021-03-05 14:57:35.918,262.24,98,NYSE_ARCA,Bid
2021-03-05 14:58:36.639,286.53,49,NASDAQ,Ask
2021-03-05 15:05:36.910,300.7,65,NYSE,Bid
2021-03-05 15:12:37.612,282.31,47,NYSE,Bid
2021-03-05 15:21:37.846,306.39,22,CBOE,Ask
2021-03-05 15:23:38.428,328.56,96,NASDAQ,Bid
2021-03-05 15:25:38.539,307.76,28,NSX,Ask
2021-03-05 15:25:38.985,331.37,65,NYSE,Bid
2021-03-05 15:25:39.108,350.29,21,NYSE_ARCA,Bid
2021-03-05 15:28:39.524,313.75,34,NYSE_ARCA,Ask
2021-03-05 15:37:39.746,285.16,22,NSX,Ask
2021-03-05 15:37:40.266,255.62,28,NYSE,Bid
2021-03-05 15:41:41.164,219.9,21,NSX,Ask
2021-03-05 15:48:42.123,189.53,2,NASDAQ,Ask
2021-03-05 15:56:42.146,220.28,59,NASDAQ,Ask
2021-03-05 16:03:42.948,221.27,85,NSX,Bid
2021-03-05 16:09:43.674,240.44,94,CBOE,Bid
2021-03-05 16:15:44.477,195.83,3,CBOE,Ask
2021-03-05 16:20:44.795,234.71,69,NASDAQ,Ask
2021-03-05 16:20:45.651,189.55,36,NYSE_ARCA,Bid
2021-03-05 16:24:45.996,198.19,88,CBOE,Ask
2021-03-05 16:24:46.964,214.78,42,CBOE,Bid
2021-03-05 16:24:47.505,241.73,6,NASDAQ,Bid
2021-03-05 16:28:48.461,283.64,23,CBOE,Ask
2021-03-05 16:37:49.052,335.79,100,NYSE_ARCA,Bid
2021-03-05 16:37:49.524,290.45,61,CBOE,Bid
2021-03-05 16:46:49.906,282.9,43,NSX,Ask
2021-03-05 16:53:50.500,239.09,38,NSX,Bid
2021-03-05 16:55:51.330,196.14,58,NSX,Bid
2021-03-05 17:03:51.456,212.41,55,NYSE,Ask
2021-03-05 17:04:51.795,209.95,92,NYSE_ARCA,Ask
2021-03-05 17:11:52.584,227.02,13,NYSE_ARCA,Bid
