Timestamp,Price,Size,Exchange,Type
2021-03-05 09:31:01.661,183.4,16,NYSE_ARCA,Ask
2021-03-05 09:31:01.896,210.23,92,NYSE_ARCA,Bid
2021-03-05 09:36:02.479,249.12,52,NSX,Ask
2021-03-05 09:36:03.203,289.9,18,NYSE,Ask
2021-03-05 09:37:03.664,282.12,93,CBOE,Bid
2021-03-05 09:37:04.600,316.08,94,NYSE,Ask
2021-03-05 09:39:04.776,254.8,15,NYSE,Bid
2021-03-05 09:42:04.959,241.72,57,NASDAQ,Bid
2021-03-05 09:42:05.837,237.93,41,NSX,Ask
2021-03-05 09:44:06.033,200.38,12,NYSE,Bid
2021-03-05 09:45:06.431,165.1,28,NYSE_ARCA,Bid
2021-03-05 09:51:07.050,153.61,45,CBOE,Ask
2021-03-05 09:52:07.775,135.76,63,NYSE,Bid
2021-03-05 09:54:07.831,112.29,76,NSX,Bid
2021-03-05 10:03:08.813,123.49,64,CBOE,Ask
2021-03-05 10:05:09.302,136.78,95,NYSE,Bid
2021-03-05 10:05:09.717,152.83,10,NSX,Ask
2021-03-05 10:06:10.582,144.3,97,NYSE,Ask
2021-03-05 10:15:10.689,155.36,24,NYSE,Ask
2021-03-05 10:16:11.266,142.81,78,NSX,Ask
2021-03-05 10:22:12.096,124.26,93,NYSE_ARCA,Bid
2021-03-05 10:30:13.066,127.27,61,NASDAQ,Ask
2021-03-05 10:35:13.914,148.82,59,NASDAQ,Bid
2021-03-05 10:44:13.945,139.12,72,NASDAQ,Bid
2021-03-05 10:52:14.647,164.82,91,NYSE,Bid
2021-03-05 11:01:14.781,181.96,9,NYSE_ARCA,Bid
2021-03-05 11:05:14.827,149.71,72,NASDAQ,Bid
2021-03-05 11:12:15.673,153.76,9,NASDAQ,Ask
2021-03-05 11:19:15.886,162.12,30,CBOE,Ask
2021-03-05 11:23:15.982,172.27,10,NSX,Bid
2021-03-05 11:25:16.561,175.22,46,NYSE_ARCA,Ask
2021-03-05 11:28:17.219,169.56,35,NYSE,Bid
2021-03-05 11:28:18.043,138.06,25,CBOE,Bid
2021-03-05 11:34:18.343,116.88,74,CBOE,Bid
2021-03-05 11:42:18.423,121.03,11,NYSE_ARCA,Ask
2021-03-05 11:46:18.729,97.74,93,NASDAQ,Bid
2021-03-05 11:54:19.197,100.95,85,NSX,Ask
2021-03-05 11:59:19.208,99.21,66,CBOE,Bid
2021-03-05 12:08:20.141,116.97,26,NASDAQ,Ask
2021-03-05 12:16:21.094,100.14,26,NYSE,Bid
2021-03-05 12:20:21.907,85.85,23,NYSE_ARCA,Ask
2021-03-05 12:22:22.008,97.55,94,NASDAQ,Ask
2021-03-05 12:29:22.148,88.52,85,NYSE,Bid
2021-03-05 12:31:22.720,101.95,100,NSX,Ask
2021-03-05 12:35:22.876,121.91,13,CBOE,Ask
2021-03-05 12:44:23.456,135.54,52,NASDAQ,Bid
2021-03-05 12:44:23.610,138.98,60,CBOE,Ask
2021-03-05 12:51:23.890,136.06,32,NYSE_ARCA,Bid
2021-03-05 12:51:24.207,124.96,34,NYSE,Ask
2021-03-05 12:55:24.558,148.08,13,NASDAQ,Ask
2021-03-05 13:03:25.337,170.91,93,NSX,Ask
2021-03-05 13:10:26.332,185.93,28,NSX,Ask
2021-03-05 13:15:26.796,197.36,12,NSX,Bid
2021-03-05 13:18:27.114,190.66,76,NASDAQ,Bid
2021-03-05 13:27:27.957,210.21,57,NYSE,Bid
2021-03-05 13:29:28.088,188.69,58,NSX,Ask
2021-03-05 13:30:28.322,164.2,52,NYSE,Ask
2021-03-05 13:30:28.881,152.22,93,NSX,Bid
2021-03-05 13:31:29.047,132.76,83,NASDAQ,Ask
2021-03-05 13:39:29.813,138.59,74,NASDAQ,Bid
2021-03-05 13:45:30.140,127.07,95,NSX,Ask
2021-03-05 13:50:30.942,108.91,85,NASDAQ,Ask
2021-03-05 13:52:31.082,110.74,26,NASDAQ,Ask
2021-03-05 14:00:31.891,114.76,65,NASDAQ,Bid
2021-03-05 14:09:32.569,135.06,1,NSX,Ask
2021-03-05 14:10:33.052,138.26,51,NSX,Ask
2021-03-05 14:11:33.199,114.78,28,NYSE,Bid
2021-03-05 14:12:33.697,111.12,44,NSX,Bid
2021-03-05 14:13:33.960,108.7,61,NYSE_ARCA,Bid
2021-03-05 14:15:34.695,102.98,73,NYSE,Bid
2021-03-05 14:15:34.981,101.36,100,NYSE_ARCA,Bid
2021-03-05 14:17:35.172,103.27,25,NYSE,Bid
2021-03-05 14:21:35.372,114.31,73,NASDAQ,Bid
2021-03-05 14:24:35.420,102.47,68,NSX,Bid
2021-03-05 14:27:35.735,109.99,45,NASDAQ,Ask
2021-03-05 14:28:35.861,107.23,100,NYSE_ARCA,Ask
2021-03-05 14:30:36.787,104.63,57,CBOE,Ask
2021-03-05 14:38:37.434,89.65,23,NYSE_ARCA,Ask
2021-03-05 14:47:38.272,84.2,15,CBOE,Ask
2021-03-05 14:48:38.728,83.03,44,NSX,Ask
2021-03-05 14:56:38.729,76.37,19,NYSE_ARCA,Ask
2021-03-05 14:58:38.914,79.71,96,NASDAQ,Bid
2021-03-05 15:01:39.702,77.73,55,NYSE_ARCA,Ask
2021-03-05 15:05:39.912,72.56,77,CBOE,Ask
2021-03-05 15:05:40.797,83.15,95,NYSE,Ask
2021-03-05 15:07:41.442,88.66,71,CBOE,Bid
2021-03-05 15:11:42.255,81.33,11,NYSE_ARCA,Ask
2021-03-05 15:15:43.131,81.04,31,NASDAQ,Bid
2021-03-05 15:21:43.812,81.05,12,NSX,Bid
2021-03-05 15:22:43.887,77.7,22,NSX,Bid
2021-03-05 15:25:44.371,74.92,22,NYSE_ARCA,Ask
2021-03-05 15:29:45.023,74.88,19,NASDAQ,Ask
2021-03-05 15:32:45.274,60.98,96,CBOE,Bid
2021-03-05 15:34:45.296,53.51,21,NYSE_ARCA,Bid
2021-03-05 15:39:46.208,50.74,45,NYSE,Bid
2021-03-05 15:44:46.937,40.89,76,NYSE,Bid
2021-03-05 15:49:47.643,33.15,87,CBOE,Bid
2021-03-05 15:55:48.007,34.55,87,NASDAQ,Bid
2021-03-05 16:01:48.365,31.52,76,NASDAQ,Ask
2021-03-05 16:09:49.057,27.7,18,NYSE,Ask
