Timestamp,Price,Size,Exchange,Type
2021-03-05 09:39:01.262,593.71,93,NSX,Ask
2021-03-05 09:40:01.825,487.47,27,NYSE,Bid
2021-03-05 09:46:02.358,423.4,23,NYSE,Ask
2021-03-05 09:55:02.593,455.61,71,NYSE,Ask
2021-03-05 10:04:03.486,531.63,52,NASDAQ,Bid
2021-03-05 10:11:03.523,517.02,2,NYSE,Ask
2021-03-05 10:13:03.530,534.49,27,NASDAQ,Bid
2021-03-05 10:20:04.423,474.39,52,NYSE_ARCA,Ask
2021-03-05 10:25:04.963,416.09,94,NASDAQ,Bid
2021-03-05 10:26:05.881,416.42,12,NASDAQ,Ask
2021-03-05 10:27:06.734,359.73,48,CBOE,Ask
2021-03-05 10:27:07.335,409.46,100,NSX,Ask
2021-03-05 10:29:08.099,390.38,55,NSX,Bid
2021-03-05 10:34:08.164,467.11,51,NYSE_ARCA,Ask
2021-03-05 10:36:08.536,515.19,14,NASDAQ,Ask
2021-03-05 10:37:08.621,422.62,54,NYSE,Bid
2021-03-05 10:39:08.839,453.89,32,NYSE_ARCA,Ask
2021-03-05 10:42:09.823,541.05,64,CBOE,Ask
2021-03-05 10:44:10.760,485.68,36,NYSE_ARCA,Ask
2021-03-05 10:51:10.932,434.52,83,NSX,Bid
2021-03-05 10:54:11.423,418.68,62,NYSE_ARCA,Ask
2021-03-05 10:56:11.808,452.44,20,NSX,Ask
2021-03-05 10:59:12.133,465.2,34,NASDAQ,Bid
2021-03-05 11:03:12.464,463.83,18,CBOE,Ask
2021-03-05 11:12:12.705,508.27,35,CBOE,Ask
2021-03-05 11:19:12.817,523.65,47,NSX,Ask
2021-03-05 11:28:12.969,560.87,71,NYSE,Bid
2021-03-05 11:37:13.058,580.44,80,NASDAQ,Bid
2021-03-05 11:37:13.541,517.77,37,NYSE_ARCA,Ask
2021-03-05 11:37:14.182,608.02,53,NYSE_ARCA,Bid
2021-03-05 11:39:14.454,706.15,3,CBOE,Ask
2021-03-05 11:39:14.936,782.43,41,NSX,Bid
2021-03-05 11:44:15.577,825.95,3,NYSE,Ask
2021-03-05 11:50:15.649,664.07,46,CBOE,Ask
2021-03-05 11:59:16.217,646.79,26,NYSE,Ask
2021-03-05 12:03:16.926,570.16,37,NASDAQ,Bid
2021-03-05 12:05:17.896,523.97,53,NYSE_ARCA,Bid
2021-03-05 12:08:18.169,483.73,42,CBOE,Ask
2021-03-05 12:13:18.505,459.74,63,NSX,Bid
2021-03-05 12:22:18.966,521.68,5,NSX,Ask
2021-03-05 12:22:19.613,576.03,54,NYSE_ARCA,Bid
2021-03-05 12:29:20.416,652.3,58,NSX,Ask
2021-03-05 12:31:21.035,713.53,37,NYSE_ARCA,Ask
2021-03-05 12:36:21.524,577.78,99,CBOE,Ask
2021-03-05 12:43:21.530,614.64,93,NASDAQ,Bid
2021-03-05 12:47:22.485,525.87,38,NSX,Ask
2021-03-05 12:56:23.202,583.69,39,NSX,Bid
2021-03-05 12:56:24.127,643.81,42,NYSE_ARCA,Ask
2021-03-05 12:56:24.979,725.26,53,CBOE,Ask
2021-03-05 13:05:25.050,835.74,13,NYSE,Ask
2021-03-05 13:11:25.860,949.03,29,NYSE_ARCA,Ask
2021-03-05 13:13:26.506,1107.86,34,NYSE_ARCA,Bid
2021-03-05 13:22:26.934,1129.07,3,NSX,Ask
2021-03-05 13:26:27.705,1238.99,21,NYSE,Bid
2021-03-05 13:26:28.447,1474.39,95,NYSE_ARCA,Ask
2021-03-05 13:28:29.190,1720.69,16,NASDAQ,Ask
2021-03-05 13:37:29.983,1746.15,100,NSX,Bid
2021-03-05 13:43:30.810,1841.36,28,NASDAQ,Ask
2021-03-05 13:52:31.332,2108.15,24,NYSE,Bid
2021-03-05 14:01:31.781,2023.89,24,NYSE,Ask
2021-03-05 14:04:32.231,2088.56,47,NASDAQ,Bid
2021-03-05 14:12:32.622,1814.03,85,NYSE,Bid
2021-03-05 14:20:33.423,1764.72,56,CBOE,Bid
2021-03-05 14:24:33.585,1784.21,42,NASDAQ,Bid
2021-03-05 14:31:34.366,1584.65,27,NYSE_ARCA,Bid
2021-03-05 14:35:34.545,1503.11,7,NASDAQ,Ask
2021-03-05 14:39:35.373,1562.62,21,NYSE,Bid
2021-03-05 14:43:35.855,1582.36,12,NYSE,Bid
2021-03-05 14:49:36.795,1408.6,20,CBOE,Bid
2021-03-05 14:54:37.246,1401.25,47,NSX,Bid
2021-03-05 14:56:37.263,1638.89,93,NYSE,Ask
2021-03-05 15:02:37.835,1675.08,30,NYSE,Bid
2021-03-05 15:11:38.393,1766.6,81,NYSE_ARCA,Ask
2021-03-05 15:12:39.309,2103.97,50,CBOE,Bid
2021-03-05 15:20:39.471,1744.65,95,NSX,Bid
2021-03-05 15:26:39.873,1843.53,27,NSX,Ask
2021-03-05 15:26:40.337,1845.07,47,NYSE,Bid
2021-03-05 15:33:40.424,1740.79,71,NASDAQ,Bid
2021-03-05 15:36:41.192,1463.82,10,NSX,Bid
2021-03-05 15:37:41.557,1337.2,1,NASDAQ,Ask
2021-03-05 15:45:41.584,1524.64,60,NYSE,Ask
2021-03-05 15:48:42.442,1817.92,45,NYSE_ARCA,Ask
2021-03-05 15:54:42.808,1898.21,49,CBOE,Ask
2021-03-05 16:00:43.516,1588.31,6,NASDAQ,Bid
2021-03-05 16:09:44.155,1792.63,78,CBOE,Ask
2021-03-05 16:12:44.658,1956.38,32,NYSE,Bid
2021-03-05 16:12:45.132,1854.33,2,NYSE,Ask
2021-03-05 16:15:45.177,1562.48,18,CBOE,Bid
2021-03-05 16:24:46.167,1257.55,90,NYSE_ARCA,Ask
2021-03-05 16:28:46.773,1377.65,26,NSX,Ask
2021-03-05 16:35:47.532,1496.43,90,CBOE,Ask
2021-03-05 16:43:48.295,1753.34,100,NYSE,Ask
2021-03-05 16:47:48.967,1856.44,6,CBOE,Bid
2021-03-05 16:56:48.973,2071.94,17,NSX,Bid
2021-03-05 17:04:49.386,1898.67,8,NASDAQ,Bid
2021-03-05 17:08:50.250,1664.14,52,CBOE,Ask
2021-03-05 17:17:50.655,1778.46,97,CBOE,Ask
2021-03-05 17:17:51.263,2108.07,96,CBOE,Bid
2021-03-05 17:18:51.454,2195.23,30,NYSE,Ask
2021-03-05 17:23:51.685,1820.36,51,NSX,Ask
