Timestamp,Price,Size,Exchange,Type
2021-03-05 09:39:01.361,703.52,69,NYSE,Bid
2021-03-05 09:45:01.921,620.74,85,NYSE,Bid
2021-03-05 09:45:02.160,593.22,89,CBOE,Ask
2021-03-05 09:48:02.633,541.87,43,NASDAQ,Bid
2021-03-05 09:51:03.557,587.45,49,NYSE,Bid
2021-03-05 09:51:04.189,472.35,78,CBOE,Bid
2021-03-05 09:57:04.535,550.85,8,CBOE,Bid
2021-03-05 09:59:04.713,534.25,5,NASDAQ,Bid
2021-03-05 10:06:05.266,492.62,4,CBOE,Bid
2021-03-05 10:06:05.977,435.47,24,NYSE,Ask
2021-03-05 10:15:06.947,445.84,40,CBOE,Ask
2021-03-05 10:24:07.476,374.12,28,CBOE,Ask
2021-03-05 10:24:08.093,402.39,13,NSX,Bid
2021-03-05 10:27:08.739,363.87,76,NYSE_ARCA,Ask
2021-03-05 10:28:08.795,365.77,19,NYSE,Bid
2021-03-05 10:34:08.897,356.81,17,CBOE,Bid
2021-03-05 10:43:09.018,414.87,9,NASDAQ,Bid
2021-03-05 10:44:09.783,426.71,41,NYSE_ARCA,Bid
2021-03-05 10:47:10.728,451.71,67,CBOE,Ask
2021-03-05 10:52:10.883,514.82,93,NSX,Bid
2021-03-05 10:52:11.450,477.86,83,NYSE,Bid
2021-03-05 10:57:11.452,515.47,98,NASDAQ,Bid
2021-03-05 10:57:11.788,556.37,68,NYSE,Bid
2021-03-05 11:01:12.062,496.22,9,CBOE,Ask
2021-03-05 11:05:12.191,480.23,85,NSX,Ask
2021-03-05 11:08:13.087,504.62,1,NSX,Ask
2021-03-05 11:11:13.657,565.91,56,NASDAQ,Ask
2021-03-05 11:13:13.787,471.82,4,CBOE,Bid
2021-03-05 11:13:13.986,386.93,34,NYSE,Bid
2021-03-05 11:21:14.363,346.13,47,NYSE_ARCA,Ask
2021-03-05 11:26:15.158,296.87,23,NASDAQ,Ask
2021-03-05 11:28:15.189,303.34,7,CBOE,Bid
2021-03-05 11:33:15.826,348.13,30,NYSE_ARCA,Bid
2021-03-05 11:36:16.001,356.82,35,NYSE,Bid
2021-03-05 11:42:16.478,344.26,10,NYSE,Ask
2021-03-05 11:46:16.992,374.15,3,NYSE,Ask
2021-03-05 11:47:17.896,362.34,39,NASDAQ,Bid
2021-03-05 11:49:18.624,332.63,85,NYSE_ARCA,Bid
2021-03-05 11:53:19.063,298.86,85,CBOE,Bid
2021-03-05 11:54:19.914,246.18,71,NASDAQ,Ask
2021-03-05 11:56:20.040,265.57,14,NYSE,Bid
2021-03-05 11:56:20.603,258.77,96,NASDAQ,Bid
2021-03-05 12:02:21.588,246.24,60,NASDAQ,Ask
2021-03-05 12:04:21.729,287.26,9,NASDAQ,Bid
2021-03-05 12:10:22.290,254.35,2,NYSE_ARCA,Bid
2021-03-05 12:18:22.802,304.13,71,NYSE,Ask
2021-03-05 12:24:23.556,253.71,50,NYSE,Bid
2021-03-05 12:33:24.250,238.63,23,CBOE,Ask
2021-03-05 12:38:25.144,243.91,13,NYSE,Ask
2021-03-05 12:41:25.911,287.4,40,CBOE,Ask
2021-03-05 12:47:26.296,300.15,95,NYSE,Bid
2021-03-05 12:50:26.878,291.66,33,NYSE_ARCA,Ask
2021-03-05 12:56:27.566,319.73,67,NSX,Ask
2021-03-05 12:56:27.715,280.6,54,CBOE,Ask
2021-03-05 13:05:28.591,263.44,35,NYSE_ARCA,Bid
2021-03-05 13:14:28.805,313.01,70,NASDAQ,Ask
2021-03-05 13:23:29.332,296.08,23,NYSE_ARCA,Bid
2021-03-05 13:24:29.736,282.67,78,CBOE,Bid
2021-03-05 13:24:30.497,337.3,34,NASDAQ,Ask
2021-03-05 13:26:30.711,398.72,50,NSX,Ask
2021-03-05 13:29:31.591,473.27,69,NYSE_ARCA,Bid
2021-03-05 13:35:32.122,517.37,9,NYSE,Ask
2021-03-05 13:36:32.868,561.38,42,NYSE,Ask
2021-03-05 13:45:33.763,593.81,22,NYSE_ARCA,Bid
2021-03-05 13:45:34.611,636.25,16,NYSE_ARCA,Ask
2021-03-05 13:49:34.995,520.22,70,NYSE,Ask
2021-03-05 13:55:35.951,557.7,23,NSX,Ask
2021-03-05 14:01:35.988,634.55,55,CBOE,Bid
2021-03-05 14:10:36.354,540.09,66,CBOE,Bid
2021-03-05 14:19:36.868,436.94,52,CBOE,Ask
2021-03-05 14:24:37.574,364.21,23,CBOE,Bid
2021-03-05 14:30:37.967,358.83,94,CBOE,Bid
2021-03-05 14:38:38.863,410.45,37,CBOE,Ask
2021-03-05 14:41:39.396,487.57,2,NYSE,Bid
2021-03-05 14:45:39.931,460.9,87,NASDAQ,Bid
2021-03-05 14:45:40.656,482.21,65,NYSE_ARCA,Bid
2021-03-05 14:54:41.354,523.45,91,NASDAQ,Bid
2021-03-05 15:00:41.569,530.42,42,NASDAQ,Ask
2021-03-05 15:02:42.069,631.32,73,NASDAQ,Ask
2021-03-05 15:06:42.986,627.96,36,NASDAQ,Bid
2021-03-05 15:14:43.614,529.72,8,NYSE,Bid
2021-03-05 15:18:43.705,491.38,54,NSX,Bid
2021-03-05 15:26:44.251,538.89,55,NSX,Ask
2021-03-05 15:35:44.625,618.12,81,CBOE,Ask
2021-03-05 15:35:45.200,683.97,82,NYSE,Ask
2021-03-05 15:42:45.427,621.81,98,NASDAQ,Bid
2021-03-05 15:51:45.447,550.61,86,CBOE,Bid
2021-03-05 15:57:46.159,651.2,4,NSX,Ask
2021-03-05 15:57:46.335,726.74,69,NSX,Ask
2021-03-05 16:06:47.094,749.52,32,NASDAQ,Ask
2021-03-05 16:10:47.790,671.55,99,NASDAQ,Ask
2021-03-05 16:10:48.386,566.85,69,NYSE,Ask
2021-03-05 16:12:48.421,651.9,29,NYSE_ARCA,Ask
2021-03-05 16:13:48.949,715.29,50,NYSE_ARCA,Ask
2021-03-05 16:19:49.220,702.25,12,NYSE,Bid
2021-03-05 16:19:49.485,645.31,73,CBOE,Bid
2021-03-05 16:28:49.997,653.71,54,NYSE,Ask
2021-03-05 16:35:50.675,600.4,42,CBOE,Ask
2021-03-05 16:43:50.757,639.91,68,NYSE_ARCA,Ask
2021-03-05 16:49:51.550,630.38,68,CBOE,Bid
