Timestamp,Price,Size,Exchange,Type
2021-03-05 09:35:01.024,260.46,77,NSX,Ask
2021-03-05 09:39:01.178,254.08,48,CBOE,Ask
2021-03-05 09:44:01.907,212.9,15,NASDAQ,Ask
2021-03-05 09:51:02.171,195.74,80,CBOE,Ask
2021-03-05 09:57:03.002,171.42,22,NYSE_ARCA,Bid
2021-03-05 10:01:03.538,144.84,80,NASDAQ,Bid
2021-03-05 10:01:04.057,153.21,30,NYSE,Bid
2021-03-05 10:08:04.844,144.11,72,CBOE,Bid
2021-03-05 10:10:05.479,149.38,63,NYSE,Bid
2021-03-05 10:18:05.978,166.82,24,NSX,Bid
2021-03-05 10:26:06.939,147.25,71,NASDAQ,Ask
2021-03-05 10:28:07.292,133.7,15,CBOE,Bid
2021-03-05 10:29:07.424,120.63,51,CBOE,Bid
2021-03-05 10:34:08.117,143.8,54,NYSE_ARCA,Bid
2021-03-05 10:38:09.031,150.89,33,NASDAQ,Ask
2021-03-05 10:38:09.164,177.86,57,NSX,Bid
2021-03-05 10:47:09.492,200.37,48,NSX,Bid
2021-03-05 10:52:09.868,191.92,97,NYSE,Bid
2021-03-05 10:55:10.619,214.5,55,NYSE_ARCA,Ask
2021-03-05 11:02:11.303,199.42,72,NYSE_ARCA,Bid
2021-03-05 11:11:12.288,170.68,85,NSX,Bid
2021-03-05 11:20:12.564,155.01,31,NASDAQ,Bid
2021-03-05 11:28:13.184,183.74,72,NASDAQ,Bid
2021-03-05 11:33:13.438,193.18,64,CBOE,Bid
2021-03-05 11:35:13.551,211.43,34,NYSE,Ask
2021-03-05 11:36:14.424,235.94,33,CBOE,Bid
2021-03-05 11:39:14.548,209.68,29,NSX,Ask
2021-03-05 11:45:15.001,192.63,92,NSX,Bid
2021-03-05 11:52:15.594,190.27,73,NYSE_ARCA,Ask
2021-03-05 11:59:16.167,220.62,99,NSX,Ask
2021-03-05 12:04:16.628,206.66,84,NYSE,Bid
2021-03-05 12:08:17.090,199.56,26,NSX,Ask
2021-03-05 12:09:17.431,190.77,99,NSX,Bid
2021-03-05 12:18:17.906,180.53,80,NSX,Ask
2021-03-05 12:26:18.432,208.79,13,NASDAQ,Bid
2021-03-05 12:32:19.270,183.82,27,NYSE,Ask
2021-03-05 12:33:19.333,153.95,12,CBOE,Bid
2021-03-05 12:38:20.109,178.89,78,NYSE_ARCA,Bid
2021-03-05 12:38:20.743,145.45,24,NSX,Bid
2021-03-05 12:44:20.966,116.21,13,NYSE,Bid
2021-03-05 12:50:21.803,125.3,85,NASDAQ,Bid
2021-03-05 12:50:22.303,134.36,59,NYSE_ARCA,Ask
2021-03-05 12:54:23.139,123.66,83,NYSE_ARCA,Bid
2021-03-05 12:58:23.611,148.03,29,NYSE,Bid
2021-03-05 12:58:24.605,167.7,91,NYSE,Bid
2021-03-05 13:01:25.406,139.38,24,NYSE,Ask
2021-03-05 13:10:25.632,150.44,95,NSX,Bid
2021-03-05 13:16:26.051,148.72,13,NYSE,Bid
2021-03-05 13:20:26.143,134.02,66,CBOE,Bid
2021-03-05 13:26:26.357,125.31,8,NSX,Ask
2021-03-05 13:28:27.246,151.26,72,CBOE,Bid
2021-03-05 13:31:27.284,120.32,12,NYSE_ARCA,Ask
2021-03-05 13:39:27.955,104.42,21,NYSE,Ask
2021-03-05 13:41:28.719,100.79,56,NYSE_ARCA,Ask
2021-03-05 13:43:29.632,116.06,25,NYSE,Bid
2021-03-05 13:46:29.752,98.02,65,NSX,Bid
2021-03-05 13:48:30.664,84.82,58,NYSE_ARCA,Bid
2021-03-05 13:57:30.934,68.52,84,NASDAQ,Ask
2021-03-05 14:03:31.865,68.06,39,CBOE,Bid
2021-03-05 14:12:32.588,71.67,77,CBOE,Ask
2021-03-05 14:20:32.787,56.79,20,NYSE,Bid
2021-03-05 14:21:32.896,65.33,27,NYSE_ARCA,Ask
2021-03-05 14:29:33.724,67.38,2,NYSE_ARCA,Ask
2021-03-05 14:34:34.042,60.04,98,NYSE,Bid
2021-03-05 14:42:34.803,60.42,31,NASDAQ,Ask
2021-03-05 14:45:35.546,65.9,82,NASDAQ,Ask
2021-03-05 14:46:35.556,68.23,43,CBOE,Ask
2021-03-05 14:49:36.376,56.82,79,NSX,Bid
2021-03-05 14:50:37.133,60.09,56,NASDAQ,Ask
2021-03-05 14:56:37.618,61.72,26,NASDAQ,Ask
2021-03-05 15:04:37.905,67.78,85,NSX,Ask
2021-03-05 15:11:38.363,81.59,86,CBOE,Ask
2021-03-05 15:15:38.768,88.15,80,CBOE,Bid
2021-03-05 15:20:39.575,94.3,89,NYSE,Bid
2021-03-05 15:23:39.939,82.16,94,NYSE,Bid
2021-03-05 15:27:40.894,75.02,20,NYSE,Ask
2021-03-05 15:36:41.132,69.1,30,NYSE_ARCA,Bid
2021-03-05 15:42:41.496,59.41,96,NYSE,Bid
2021-03-05 15:48:42.359,54.99,96,NSX,Bid
2021-03-05 15:57:43.165,48.59,8,NYSE,Bid
2021-03-05 16:06:43.411,39.93,73,NASDAQ,Bid
2021-03-05 16:11:44.374,42.01,53,NASDAQ,Ask
2021-03-05 16:20:45.208,49.6,3,CBOE,Bid
2021-03-05 16:27:45.593,52.44,19,NSX,Bid
2021-03-05 16:32:46.467,61.0,99,NASDAQ,Ask
2021-03-05 16:39:47.291,62.37,65,CBOE,Ask
2021-03-05 16:43:48.129,59.44,88,NSX,Ask
2021-03-05 16:52:48.966,53.51,54,NASDAQ,Ask
2021-03-05 16:56:49.893,60.17,6,NSX,Bid
2021-03-05 16:57:50.230,71.08,75,CBOE,Bid
2021-03-05 16:57:51.009,74.27,14,NYSE_ARCA,Ask
2021-03-05 16:58:51.738,62.91,11,NYSE,Bid
2021-03-05 17:02:51.863,63.3,33,NYSE,Ask
2021-03-05 17:05:52.444,62.79,45,NYSE,Ask
2021-03-05 17:13:52.892,51.68,89,NYSE_ARCA,Ask
2021-03-05 17:19:53.434,51.73,54,NYSE,Ask
2021-03-05 17:21:54.295,48.39,50,CBOE,Ask
2021-03-05 17:27:54.479,48.78,72,NASDAQ,Ask
2021-03-05 17:33:55.039,52.67,8,NSX,Ask
2021-03-05 17:40:55.487,46.63,39,NYSE_ARCA,Ask
