Timestamp,Price,Size,Exchange,Type
2021-03-05 09:39:01.205,916.16,34,NYSE,Bid
2021-03-05 09:44:01.664,1044.79,82,NSX,Ask
2021-03-05 09:48:02.524,1165.03,70,NSX,Bid
2021-03-05 09:56:02.677,1152.65,47,NYSE_ARCA,Bid
2021-03-05 10:01:02.709,1235.04,99,NYSE_ARCA,Bid
2021-03-05 10:10:03.485,1269.18,82,CBOE,Bid
2021-03-05 10:15:03.943,1463.53,79,CBOE,Ask
2021-03-05 10:16:04.583,1174.98,87,CBOE,Ask
2021-03-05 10:23:04.664,980.87,48,CBOE,Ask
2021-03-05 10:31:05.404,1154.76,75,NASDAQ,Ask
2021-03-05 10:37:05.937,1125.5,98,NYSE_ARCA,Bid
2021-03-05 10:41:06.149,1220.29,24,NSX,Ask
2021-03-05 10:43:06.454,1108.15,24,NYSE_ARCA,Ask
2021-03-05 10:49:06.801,934.49,54,NSX,Ask
2021-03-05 10:56:07.423,789.52,26,CBOE,Bid
2021-03-05 11:05:07.515,770.85,59,NYSE,Ask
2021-03-05 11:06:07.874,647.05,12,NASDAQ,Ask
2021-03-05 11:14:07.894,774.7,66,NSX,Ask
2021-03-05 11:16:07.895,756.2,79,NYSE_ARCA,Ask
2021-03-05 11:17:08.628,889.18,49,NYSE,Bid
2021-03-05 11:23:09.211,884.37,36,NYSE_ARCA,Ask
2021-03-05 11:27:09.327,1009.77,8,NASDAQ,Ask
2021-03-05 11:29:09.410,1029.77,3,NYSE,Ask
2021-03-05 11:34:09.892,925.42,60,NSX,Ask
2021-03-05 11:43:10.085,929.72,39,NYSE,Ask
2021-03-05 11:49:10.542,1010.71,68,CBOE,Ask
2021-03-05 11:54:10.927,1085.16,23,CBOE,Ask
2021-03-05 11:54:11.638,1187.97,70,NYSE_ARCA,Bid
2021-03-05 12:02:12.548,1097.93,41,NYSE_ARCA,Bid
2021-03-05 12:05:13.065,1157.68,80,NYSE,Ask
2021-03-05 12:08:13.330,1237.3,11,NYSE_ARCA,Bid
2021-03-05 12:09:13.440,1339.89,43,NASDAQ,Bid
2021-03-05 12:17:13.760,1312.28,62,NSX,Bid
2021-03-05 12:21:13.872,1561.31,27,NASDAQ,Ask
2021-03-05 12:22:14.593,1353.68,8,NASDAQ,Bid
2021-03-05 12:22:15.032,1112.18,62,NSX,Ask
2021-03-05 12:30:15.938,1232.66,84,NYSE,Bid
2021-03-05 12:37:16.542,1339.71,3,NYSE_ARCA,Ask
2021-03-05 12:37:17.369,1121.79,9,NSX,Bid
2021-03-05 12:40:17.986,1338.19,62,NYSE,Ask
2021-03-05 12:43:18.284,1322.12,40,CBOE,Ask
2021-03-05 12:47:18.447,1067.28,31,CBOE,Bid
2021-03-05 12:51:18.511,1117.63,93,NYSE_ARCA,Ask
2021-03-05 12:53:18.600,1090.33,91,NSX,Bid
2021-03-05 12:59:19.190,963.8,60,NYSE,Bid
2021-03-05 13:07:19.782,948.41,54,NYSE,Bid
2021-03-05 13:16:19.804,1126.84,35,NASDAQ,Bid
2021-03-05 13:16:20.661,1206.8,36,CBOE,Bid
2021-03-05 13:24:21.499,1190.96,92,NYSE,Ask
2021-03-05 13:25:21.588,995.57,98,NYSE,Bid
2021-03-05 13:26:21.686,806.84,3,NYSE,Bid
2021-03-05 13:28:22.478,753.68,100,NSX,Bid
2021-03-05 13:28:23.302,758.02,13,NYSE,Ask
2021-03-05 13:36:23.755,658.66,69,NYSE_ARCA,Bid
2021-03-05 13:37:24.286,544.1,91,NSX,Ask
2021-03-05 13:45:25.183,506.04,40,NYSE_ARCA,Bid
2021-03-05 13:48:25.396,413.48,46,NSX,Bid
2021-03-05 13:57:25.463,350.36,98,NYSE_ARCA,Ask
2021-03-05 14:05:25.787,304.95,54,NYSE,Bid
2021-03-05 14:14:26.142,294.65,93,NSX,Bid
2021-03-05 14:14:26.239,319.18,30,NYSE_ARCA,Ask
2021-03-05 14:19:26.671,328.4,90,NASDAQ,Bid
2021-03-05 14:26:26.947,341.7,11,NYSE_ARCA,Bid
2021-03-05 14:29:27.284,310.78,20,NSX,Bid
2021-03-05 14:32:27.858,274.2,32,NASDAQ,Bid
2021-03-05 14:33:28.446,321.17,70,NSX,Bid
2021-03-05 14:37:29.435,300.75,88,NSX,Bid
2021-03-05 14:40:29.730,335.57,70,NASDAQ,Ask
2021-03-05 14:42:30.222,380.49,47,NYSE_ARCA,Ask
2021-03-05 14:42:30.495,339.94,18,NSX,Ask
2021-03-05 14:44:31.306,275.2,11,CBOE,Bid
2021-03-05 14:47:31.590,225.72,32,NYSE_ARCA,Bid
2021-03-05 14:55:32.036,246.4,20,NYSE_ARCA,Bid
2021-03-05 14:56:32.754,243.47,69,NYSE_ARCA,Ask
2021-03-05 14:58:32.836,211.35,14,NYSE,Ask
2021-03-05 15:03:33.744,179.27,28,NSX,Ask
2021-03-05 15:10:34.506,152.66,78,NASDAQ,Bid
2021-03-05 15:17:34.783,125.88,73,CBOE,Bid
2021-03-05 15:23:35.445,112.98,22,NYSE_ARCA,Ask
2021-03-05 15:27:36.405,114.05,38,NYSE_ARCA,Bid
2021-03-05 15:32:36.516,132.07,70,NYSE,Bid
2021-03-05 15:38:36.754,126.43,99,NASDAQ,Ask
2021-03-05 15:44:37.045,149.52,61,NASDAQ,Ask
2021-03-05 15:44:37.909,136.07,15,NYSE,Bid
2021-03-05 15:50:38.572,114.13,62,NSX,Ask
2021-03-05 15:58:38.805,110.42,93,NYSE,Ask
2021-03-05 16:05:39.703,101.53,53,CBOE,Ask
2021-03-05 16:12:40.612,111.0,22,CBOE,Ask
2021-03-05 16:19:41.598,121.65,90,NSX,Bid
2021-03-05 16:24:42.426,99.15,63,NYSE,Bid
2021-03-05 16:24:42.599,104.39,91,NASDAQ,Ask
2021-03-05 16:30:43.306,85.48,50,NSX,Bid
2021-03-05 16:31:43.798,100.49,51,CBOE,Bid
2021-03-05 16:31:44.750,85.69,69,CBOE,Ask
2021-03-05 16:35:44.925,83.12,36,NYSE,Ask
2021-03-05 16:37:45.891,81.05,21,CBOE,Ask
2021-03-05 16:39:46.640,75.03,28,NYSE_ARCA,Ask
2021-03-05 16:45:47.462,69.58,43,CBOE,Ask
2021-03-05 16:53:47.910,62.25,14,NYSE_ARCA,Bid
2021-03-05 16:57:48.399,60.13,35,NASDAQ,Ask
