Timestamp,Price,Size,Exchange,Type
2021-03-05 09:30:01.566,716.03,18,NYSE,Ask
2021-03-05 09:35:02.026,741.08,73,NASDAQ,Ask
2021-03-05 09:35:03.020,624.58,89,NYSE,Ask
2021-03-05 09:39:03.984,713.68,55,NASDAQ,Ask
2021-03-05 09:48:04.334,819.38,80,NYSE_ARCA,Bid
2021-03-05 09:57:05.225,903.17,45,NYSE,Bid
2021-03-05 10:03:05.767,957.38,18,NASDAQ,Ask
2021-03-05 10:04:06.480,889.51,48,NYSE,Bid
2021-03-05 10:04:06.872,977.53,23,NASDAQ,Ask
2021-03-05 10:09:07.023,941.79,8,NASDAQ,Bid
2021-03-05 10:16:07.032,953.89,76,NASDAQ,Bid
2021-03-05 10:23:07.890,809.31,11,NSX,Ask
2021-03-05 10:30:08.131,658.55,85,NSX,Ask
2021-03-05 10:31:08.539,735.27,94,NYSE_ARCA,Bid
2021-03-05 10:34:09.289,751.72,79,NYSE,Bid
2021-03-05 10:42:09.988,605.55,42,NYSE_ARCA,Ask
2021-03-05 10:43:10.247,693.85,57,NYSE_ARCA,Ask
2021-03-05 10:47:11.150,607.32,61,NYSE_ARCA,Ask
2021-03-05 10:55:11.459,696.18,82,NYSE_ARCA,Bid
2021-03-05 10:58:12.009,738.5,6,NSX,Bid
2021-03-05 11:06:12.898,707.37,29,NYSE,Ask
2021-03-05 11:07:13.712,661.42,36,NASDAQ,Ask
2021-03-05 11:09:14.192,760.3,76,NYSE_ARCA,Ask
2021-03-05 11:16:14.221,710.2,30,NYSE,Bid
2021-03-05 11:21:15.220,608.6,49,NASDAQ,Ask
2021-03-05 11:23:15.412,575.77,61,NSX,Ask
2021-03-05 11:24:15.678,670.04,51,NASDAQ,Bid
2021-03-05 11:24:16.574,649.79,37,NASDAQ,Bid
2021-03-05 11:27:16.582,707.2,77,NASDAQ,Ask
2021-03-05 11:33:17.569,805.72,31,NYSE_ARCA,Ask
2021-03-05 11:41:18.350,842.08,17,CBOE,Ask
2021-03-05 11:44:19.306,751.72,70,NASDAQ,Bid
2021-03-05 11:53:19.625,607.23,24,NASDAQ,Bid
2021-03-05 11:55:19.739,675.48,43,NYSE,Bid
2021-03-05 12:01:20.348,720.71,21,NSX,Bid
2021-03-05 12:08:21.010,847.82,39,NYSE_ARCA,Ask
2021-03-05 12:14:21.422,685.81,50,NYSE_ARCA,Ask
2021-03-05 12:19:21.588,789.58,58,CBOE,Bid
2021-03-05 12:27:21.738,769.78,45,NYSE_ARCA,Bid
2021-03-05 12:28:21.877,690.64,92,NSX,Bid
2021-03-05 12:32:22.103,755.48,8,NSX,Bid
2021-03-05 12:36:22.381,623.77,29,NYSE,Ask
2021-03-05 12:39:23.202,641.15,53,NSX,Ask
2021-03-05 12:46:23.965,698.03,8,NYSE,Ask
2021-03-05 12:51:24.126,662.91,46,NYSE_ARCA,Bid
2021-03-05 12:54:24.779,748.83,84,NSX,Bid
2021-03-05 12:56:25.682,726.6,52,NASDAQ,Ask
2021-03-05 12:57:26.272,799.26,100,NYSE,Ask
2021-03-05 13:02:26.653,732.63,87,NYSE_ARCA,Ask
2021-03-05 13:06:27.467,818.21,41,NYSE_ARCA,Ask
2021-03-05 13:15:27.892,671.79,40,CBOE,Bid
2021-03-05 13:23:27.996,599.42,77,NYSE_ARCA,Bid
2021-03-05 13:28:28.661,688.59,13,NSX,Ask
2021-03-05 13:28:29.514,697.1,73,NSX,Bid
2021-03-05 13:34:29.773,590.41,48,NYSE,Ask
2021-03-05 13:39:30.018,659.69,44,CBOE,Bid
2021-03-05 13:45:30.192,614.56,9,NSX,Bid
2021-03-05 13:49:30.925,631.96,23,NYSE,Bid
2021-03-05 13:55:31.658,662.86,10,NYSE_ARCA,Ask
2021-03-05 14:02:32.618,668.25,77,NASDAQ,Ask
2021-03-05 14:06:32.889,777.8,52,NYSE,Ask
2021-03-05 14:10:33.807,781.29,83,NASDAQ,Bid
2021-03-05 14:16:34.463,711.11,73,NYSE_ARCA,Ask
2021-03-05 14:24:34.472,708.24,98,NYSE,Bid
2021-03-05 14:27:34.483,669.44,54,NASDAQ,Ask
2021-03-05 14:29:34.508,603.11,68,CBOE,Bid
2021-03-05 14:33:34.993,618.99,88,NSX,Bid
2021-03-05 14:33:35.470,737.39,97,NASDAQ,Bid
2021-03-05 14:36:35.481,820.42,1,NYSE,Bid
2021-03-05 14:36:35.914,724.87,99,CBOE,Ask
2021-03-05 14:37:36.879,635.7,56,CBOE,Ask
2021-03-05 14:45:36.997,515.1,70,CBOE,Ask
2021-03-05 14:49:37.643,575.74,51,NYSE,Bid
2021-03-05 14:51:38.364,646.83,2,NYSE,Ask
2021-03-05 14:59:39.040,775.38,61,NYSE_ARCA,Ask
2021-03-05 15:07:39.906,775.3,61,NYSE_ARCA,Ask
2021-03-05 15:14:40.204,639.2,77,NSX,Bid
2021-03-05 15:22:40.310,541.55,73,NYSE,Bid
2021-03-05 15:28:40.688,552.06,31,NYSE_ARCA,Ask
2021-03-05 15:30:41.157,636.86,43,CBOE,Bid
2021-03-05 15:34:41.577,690.56,55,NYSE,Ask
2021-03-05 15:39:41.999,712.19,84,NYSE,Bid
2021-03-05 15:47:42.284,626.45,100,NYSE_ARCA,Bid
2021-03-05 15:50:43.128,731.04,50,NASDAQ,Bid
2021-03-05 15:55:43.652,602.73,35,NYSE,Bid
2021-03-05 16:04:44.385,619.99,27,NYSE_ARCA,Bid
2021-03-05 16:11:44.618,683.21,80,CBOE,Ask
2021-03-05 16:11:45.055,607.6,27,CBOE,Ask
2021-03-05 16:18:45.825,497.26,37,NYSE,Bid
2021-03-05 16:21:46.115,548.31,64,NASDAQ,Ask
2021-03-05 16:25:46.967,629.45,42,NSX,Bid
2021-03-05 16:28:47.215,674.95,49,NYSE,Ask
2021-03-05 16:32:47.614,614.2,9,NSX,Bid
2021-03-05 16:34:48.361,681.47,53,NYSE_ARCA,Ask
2021-03-05 16:41:49.334,737.6,60,NYSE,Bid
2021-03-05 16:42:50.280,813.53,23,NYSE,Bid
2021-03-05 16:43:50.792,950.92,57,NASDAQ,Ask
2021-03-05 16:48:51.636,896.66,91,NASDAQ,Ask
2021-03-05 16:49:52.557,960.4,75,CBOE,Ask
2021-03-05 16:57:53.007,942.42,50,NYSE,Bid
