Timestamp,Price,Size,Exchange,Type
2021-03-05 09:32:01.359,155.46,61,NYSE_ARCA,Ask
2021-03-05 09:33:02.286,160.85,34,NYSE_ARCA,Ask
2021-03-05 09:41:02.690,158.72,62,NYSE_ARCA,Ask
2021-03-05 09:48:03.155,189.43,42,NYSE_ARCA,Ask
2021-03-05 09:51:03.664,181.59,63,NSX,Ask
2021-03-05 09:51:04.629,156.06,54,NSX,Bid
2021-03-05 09:52:04.894,185.9,43,NASDAQ,Ask
2021-03-05 09:57:04.970,185.79,1,NSX,Ask
2021-03-05 09:59:04.970,170.6,94,NSX,Bid
2021-03-05 10:07:05.662,168.18,13,NASDAQ,Bid
2021-03-05 10:08:06.291,136.48,70,NASDAQ,Ask
2021-03-05 10:14:06.342,124.39,46,NSX,Bid
2021-03-05 10:20:06.843,116.01,32,NYSE_ARCA,Ask
2021-03-05 10:28:06.924,131.52,54,NYSE_ARCA,Bid
2021-03-05 10:28:07.216,153.5,67,NSX,Ask
2021-03-05 10:37:07.577,125.1,92,NYSE_ARCA,Bid
2021-03-05 10:42:08.226,133.0,91,NYSE,Ask
2021-03-05 10:45:09.201,151.35,26,NYSE_ARCA,Bid
2021-03-05 10:50:09.230,160.65,72,NSX,Bid
2021-03-05 10:51:09.573,145.9,25,NYSE_ARCA,Ask
2021-03-05 10:51:10.300,160.84,11,NYSE_ARCA,Ask
2021-03-05 10:53:11.286,175.33,52,NSX,Ask
2021-03-05 10:59:12.273,175.1,55,NYSE,Ask
2021-03-05 11:04:12.977,162.17,53,NYSE,Ask
2021-03-05 11:07:13.434,192.5,27,NASDAQ,Ask
2021-03-05 11:15:13.685,211.29,81,NSX,Bid
2021-03-05 11:20:14.292,227.52,50,CBOE,Bid
2021-03-05 11:24:14.325,181.64,74,CBOE,Ask
2021-03-05 11:25:15.078,180.0,13,NYSE,Ask
2021-03-05 11:26:15.701,187.63,55,NASDAQ,Bid
2021-03-05 11:26:15.951,208.9,51,NSX,Ask
2021-03-05 11:31:16.286,202.62,13,NSX,Bid
2021-03-05 11:37:16.322,175.88,24,NASDAQ,Ask
2021-03-05 11:44:16.559,173.53,42,NASDAQ,Bid
2021-03-05 11:50:17.383,155.82,74,CBOE,Ask
2021-03-05 11:50:17.682,145.31,73,NSX,Bid
2021-03-05 11:51:18.439,155.29,39,NYSE_ARCA,Bid
2021-03-05 11:52:18.762,167.35,95,NASDAQ,Ask
2021-03-05 11:58:19.201,145.5,75,NYSE,Bid
2021-03-05 12:04:19.950,149.41,10,NYSE,Bid
2021-03-05 12:06:20.225,135.9,3,NASDAQ,Ask
2021-03-05 12:10:20.501,132.25,78,NSX,Ask
2021-03-05 12:13:20.961,124.86,22,NYSE,Bid
2021-03-05 12:20:21.278,108.74,52,CBOE,Bid
2021-03-05 12:23:22.193,108.18,7,CBOE,Ask
2021-03-05 12:31:23.150,100.15,86,NYSE_ARCA,Ask
2021-03-05 12:37:23.884,113.05,23,NASDAQ,Ask
2021-03-05 12:45:23.996,100.71,58,NSX,Ask
2021-03-05 12:53:24.185,112.73,82,NSX,Ask
2021-03-05 12:53:24.994,104.27,22,NASDAQ,Ask
2021-03-05 13:02:25.070,122.77,65,NYSE_ARCA,Bid
2021-03-05 13:11:25.183,113.17,79,NASDAQ,Ask
2021-03-05 13:11:25.985,134.77,53,CBOE,Bid
2021-03-05 13:20:26.278,151.59,32,NASDAQ,Bid
2021-03-05 13:23:27.198,122.96,2,NASDAQ,Ask
2021-03-05 13:31:28.135,103.63,80,NASDAQ,Bid
2021-03-05 13:31:28.137,110.93,50,NASDAQ,Bid
2021-03-05 13:38:28.702,126.18,73,NASDAQ,Ask
2021-03-05 13:41:29.142,101.33,98,CBOE,Ask
2021-03-05 13:49:29.572,101.65,85,CBOE,Ask
2021-03-05 13:49:29.922,88.05,57,NSX,Bid
2021-03-05 13:57:30.736,96.51,1,NASDAQ,Bid
2021-03-05 14:03:31.596,109.96,20,NASDAQ,Bid
2021-03-05 14:12:32.414,105.64,62,NASDAQ,Ask
2021-03-05 14:18:32.560,108.2,51,NYSE,Ask
2021-03-05 14:21:33.298,128.96,71,NSX,Ask
2021-03-05 14:21:34.153,150.12,78,NASDAQ,Bid
2021-03-05 14:30:34.891,167.6,64,NYSE,Ask
2021-03-05 14:30:35.151,170.84,87,CBOE,Ask
2021-03-05 14:30:35.951,178.42,55,NYSE_ARCA,Ask
2021-03-05 14:33:36.374,166.64,90,NYSE_ARCA,Ask
2021-03-05 14:41:36.558,138.69,75,NYSE_ARCA,Bid
2021-03-05 14:41:37.144,113.02,49,NYSE_ARCA,Bid
2021-03-05 14:47:37.504,107.65,29,NYSE_ARCA,Bid
2021-03-05 14:51:38.026,107.4,64,NYSE_ARCA,Bid
2021-03-05 14:58:38.646,126.61,10,NSX,Ask
2021-03-05 15:03:39.260,127.43,62,NYSE,Ask
2021-03-05 15:12:40.154,111.6,48,CBOE,Bid
2021-03-05 15:18:40.478,126.54,94,CBOE,Bid
2021-03-05 15:20:41.078,134.88,70,NYSE_ARCA,Ask
2021-03-05 15:23:41.685,144.28,36,NYSE_ARCA,Bid
2021-03-05 15:23:41.728,116.67,69,NYSE_ARCA,Bid
2021-03-05 15:24:42.546,99.21,10,NSX,Ask
2021-03-05 15:25:42.867,82.88,78,NSX,Bid
2021-03-05 15:30:43.545,69.72,3,NASDAQ,Ask
2021-03-05 15:37:43.626,61.95,92,NSX,Ask
2021-03-05 15:45:44.145,55.74,22,NYSE,Ask
2021-03-05 15:45:45.108,45.04,70,NYSE_ARCA,Bid
2021-03-05 15:54:45.383,35.62,96,CBOE,Bid
2021-03-05 15:58:46.016,37.03,84,NYSE,Bid
2021-03-05 16:03:46.743,40.84,58,NYSE,Ask
2021-03-05 16:12:47.367,33.63,29,NYSE,Bid
2021-03-05 16:18:47.433,28.63,1,NYSE,Bid
2021-03-05 16:24:47.668,23.78,48,CBOE,Ask
2021-03-05 16:32:48.169,27.56,57,CBOE,Ask
2021-03-05 16:38:48.481,32.26,74,NYSE,Bid
2021-03-05 16:44:48.886,31.07,14,CBOE,Ask
2021-03-05 16:48:49.249,32.41,52,NSX,Ask
2021-03-05 16:55:49.354,35.88,27,NYSE_ARCA,Ask
2021-03-05 16:58:49.828,41.15,28,NASDAQ,Ask
