Timestamp,Price,Size,Exchange,Type
2021-03-05 09:36:01.616,76.78,72,NASDAQ,Ask
2021-03-05 09:37:02.428,91.41,98,NSX,Bid
2021-03-05 09:37:03.362,77.04,71,NYSE_ARCA,Ask
2021-03-05 09:42:03.608,75.93,49,NYSE,Ask
2021-03-05 09:50:03.936,82.71,81,NSX,Bid
2021-03-05 09:57:03.971,76.12,70,CBOE,Bid
2021-03-05 09:59:04.473,84.73,48,CBOE,Bid
2021-03-05 10:06:05.367,82.78,2,CBOE,Bid
2021-03-05 10:07:06.136,96.32,21,NASDAQ,Bid
2021-03-05 10:11:06.598,84.52,19,NYSE,Bid
2021-03-05 10:17:06.792,84.57,51,NYSE_ARCA,Ask
2021-03-05 10:20:07.113,84.03,71,NASDAQ,Ask
2021-03-05 10:25:07.589,89.02,37,NYSE_ARCA,Bid
2021-03-05 10:30:07.961,104.39,86,NYSE_ARCA,Ask
2021-03-05 10:30:08.023,91.6,19,NSX,Ask
2021-03-05 10:30:08.144,99.13,66,NYSE,Ask
2021-03-05 10:31:08.882,103.65,100,CBOE,Ask
2021-03-05 10:35:09.321,85.58,46,NYSE,Bid
2021-03-05 10:37:09.366,71.21,13,NYSE,Ask
2021-03-05 10:45:10.171,57.04,12,NYSE_ARCA,Ask
2021-03-05 10:52:11.154,53.55,30,NASDAQ,Ask
2021-03-05 11:01:11.698,45.59,98,CBOE,Bid
2021-03-05 11:04:11.853,49.18,42,NSX,Ask
2021-03-05 11:05:12.672,52.63,100,NASDAQ,Bid
2021-03-05 11:07:13.343,43.19,50,NSX,Ask
2021-03-05 11:16:13.378,51.82,47,NASDAQ,Bid
2021-03-05 11:23:14.042,44.49,69,NSX,Ask
2021-03-05 11:25:14.633,50.73,49,NYSE,Bid
2021-03-05 11:27:15.163,47.76,45,NASDAQ,Ask
2021-03-05 11:32:15.702,40.69,100,CBOE,Ask
2021-03-05 11:41:16.508,35.94,67,NSX,Ask
2021-03-05 11:47:16.888,34.81,95,NASDAQ,Bid
2021-03-05 11:49:17.465,32.29,17,CBOE,Bid
2021-03-05 11:56:18.229,38.24,14,NYSE,Bid
2021-03-05 11:58:18.244,32.99,81,NYSE_ARCA,Ask
2021-03-05 12:06:18.492,27.82,71,NYSE_ARCA,Ask
2021-03-05 12:08:18.915,26.07,63,NASDAQ,Ask
2021-03-05 12:12:18.934,26.38,6,NSX,Ask
2021-03-05 12:19:19.122,23.99,69,NASDAQ,Ask
2021-03-05 12:22:19.379,24.4,18,NSX,Ask
2021-03-05 12:25:20.202,23.58,57,NASDAQ,Bid
2021-03-05 12:28:21.054,26.84,78,NASDAQ,Ask
2021-03-05 12:29:21.479,25.28,8,NSX,Ask
2021-03-05 12:33:22.323,22.65,97,NASDAQ,Ask
2021-03-05 12:40:22.971,20.3,55,NYSE_ARCA,Bid
2021-03-05 12:47:23.821,24.68,24,NYSE_ARCA,Bid
2021-03-05 12:53:24.534,25.99,13,NSX,Bid
2021-03-05 13:01:25.445,25.43,24,NYSE_ARCA,Ask
2021-03-05 13:02:26.416,29.54,4,NYSE,Bid
2021-03-05 13:03:26.516,26.97,91,NYSE,Ask
2021-03-05 13:08:27.513,24.38,4,NASDAQ,Bid
2021-03-05 13:15:28.190,21.66,64,NYSE,Bid
2021-03-05 13:24:28.271,20.83,3,NASDAQ,Ask
2021-03-05 13:29:28.939,18.49,25,NYSE_ARCA,Bid
2021-03-05 13:34:29.254,14.83,90,NASDAQ,Bid
2021-03-05 13:34:29.620,14.46,93,NASDAQ,Bid
2021-03-05 13:40:29.861,14.25,25,NYSE,Ask
2021-03-05 13:43:29.955,16.13,37,NYSE_ARCA,Bid
2021-03-05 13:50:30.375,16.17,62,NASDAQ,Ask
2021-03-05 13:52:30.970,19.42,19,NYSE_ARCA,Bid
2021-03-05 13:54:31.109,17.52,21,NYSE,Ask
2021-03-05 14:03:31.675,15.6,16,NYSE_ARCA,Bid
2021-03-05 14:03:32.052,14.45,71,CBOE,Ask
2021-03-05 14:07:32.790,12.51,13,NYSE,Bid
2021-03-05 14:10:32.842,13.66,57,NASDAQ,Ask
2021-03-05 14:18:32.907,13.16,24,CBOE,Bid
2021-03-05 14:21:33.467,12.38,33,NYSE,Ask
2021-03-05 14:27:33.486,10.67,58,NYSE_ARCA,Bid
2021-03-05 14:31:34.184,11.86,84,NSX,Ask
2021-03-05 14:31:35.159,12.14,42,NSX,Bid
2021-03-05 14:37:35.536,9.34,71,NYSE,Bid
2021-03-05 14:45:36.406,10.15,71,NYSE,Ask
2021-03-05 14:54:36.859,8.03,37,CBOE,Bid
2021-03-05 14:57:37.217,8.28,58,NASDAQ,Ask
2021-03-05 15:00:37.879,7.42,87,NSX,Bid
2021-03-05 15:00:38.673,8.0,27,NYSE_ARCA,Bid
2021-03-05 15:01:39.041,9.87,42,NYSE_ARCA,Ask
2021-03-05 15:05:40.034,10.17,82,NYSE_ARCA,Bid
2021-03-05 15:09:40.596,9.25,38,NASDAQ,Ask
2021-03-05 15:17:40.768,7.63,97,NYSE,Bid
2021-03-05 15:23:41.375,7.27,75,NYSE_ARCA,Bid
2021-03-05 15:27:41.406,7.13,16,CBOE,Bid
2021-03-05 15:31:41.681,6.76,49,CBOE,Ask
2021-03-05 15:36:42.519,7.06,56,NYSE_ARCA,Bid
2021-03-05 15:36:43.184,6.96,17,NYSE_ARCA,Bid
2021-03-05 15:43:44.140,6.22,69,NYSE_ARCA,Ask
2021-03-05 15:48:45.099,6.88,40,NASDAQ,Bid
2021-03-05 15:48:45.771,5.93,78,NASDAQ,Ask
2021-03-05 15:56:45.848,5.33,79,NSX,Bid
2021-03-05 16:02:46.629,5.97,33,CBOE,Ask
2021-03-05 16:05:46.807,6.78,28,NSX,Ask
2021-03-05 16:11:47.781,6.19,57,NASDAQ,Ask
2021-03-05 16:17:48.366,5.1,32,NYSE_ARCA,Bid
2021-03-05 16:22:48.718,5.56,57,CBOE,Ask
2021-03-05 16:23:49.269,4.33,7,NASDAQ,Bid
2021-03-05 16:29:49.848,4.9,49,NYSE,Ask
2021-03-05 16:31:50.595,4.76,6,CBOE,Ask
2021-03-05 16:35:51.292,5.52,80,NASDAQ,Bid
2021-03-05 16:39:52.014,4.31,65,NYSE_ARCA,Ask
2021-03-05 16:40:52.142,3.7,56,NYSE_ARCA,Bid
