Timestamp,Price,Size,Exchange,Type
2021-03-05 09:38:01.229,481.78,94,NASDAQ,Ask
2021-03-05 09:43:02.126,437.24,62,NYSE_ARCA,Ask
2021-03-05 09:43:02.650,357.56,33,CBOE,Ask
2021-03-05 09:49:02.858,326.43,5,NYSE,Bid
2021-03-05 09:55:03.828,316.99,31,NYSE,Bid
2021-03-05 09:56:04.444,376.88,96,CBOE,Ask
2021-03-05 09:58:05.144,428.15,15,NSX,Ask
2021-03-05 10:01:05.758,406.71,65,NASDAQ,Ask
2021-03-05 10:04:06.325,347.55,73,NYSE,Ask
2021-03-05 10:12:06.567,329.87,95,NYSE_ARCA,Ask
2021-03-05 10:19:07.176,379.16,66,CBOE,Bid
2021-03-05 10:27:08.136,442.83,59,NSX,Bid
2021-03-05 10:31:08.546,477.24,93,NASDAQ,Ask
2021-03-05 10:36:09.217,463.68,65,CBOE,Ask
2021-03-05 10:37:09.541,527.12,70,NSX,Bid
2021-03-05 10:43:10.370,612.1,71,NSX,Bid
2021-03-05 10:46:11.117,722.27,33,NYSE_ARCA,Ask
2021-03-05 10:53:11.692,619.62,25,CBOE,Ask
2021-03-05 11:00:12.181,628.02,58,NYSE_ARCA,Bid
2021-03-05 11:02:12.895,646.15,27,CBOE,Bid
2021-03-05 11:11:13.248,525.79,74,NYSE_ARCA,Ask
2021-03-05 11:20:13.508,618.24,80,CBOE,Ask
2021-03-05 11:24:13.564,682.69,56,NSX,Bid
2021-03-05 11:25:13.979,811.35,79,CBOE,Ask
2021-03-05 11:28:14.127,895.62,94,NYSE_ARCA,Ask
2021-03-05 11:31:14.950,923.49,13,CBOE,Ask
2021-03-05 11:35:15.185,835.8,26,CBOE,Bid
2021-03-05 11:36:15.369,974.28,99,NSX,Bid
2021-03-05 11:39:15.410,1024.79,71,NYSE_ARCA,Ask
2021-03-05 11:47:15.969,1046.79,25,NSX,Ask
2021-03-05 11:49:16.069,935.8,62,NYSE,Ask
2021-03-05 11:54:16.596,1083.66,64,NSX,Bid
2021-03-05 11:56:17.500,918.24,76,NSX,Ask
2021-03-05 12:01:18.462,775.31,38,CBOE,Bid
2021-03-05 12:05:19.390,720.67,76,CBOE,Bid
2021-03-05 12:14:20.251,806.44,89,NASDAQ,Ask
2021-03-05 12:23:20.678,726.58,70,NYSE_ARCA,Bid
2021-03-05 12:26:21.200,629.19,19,NYSE_ARCA,Ask
2021-03-05 12:27:21.744,590.9,18,NSX,Ask
2021-03-05 12:35:22.488,557.73,88,CBOE,Ask
2021-03-05 12:40:23.432,596.01,61,CBOE,Bid
2021-03-05 12:41:23.947,630.2,68,NYSE,Ask
2021-03-05 12:50:24.593,644.04,58,NYSE,Ask
2021-03-05 12:57:25.130,712.45,70,NSX,Bid
2021-03-05 13:00:26.013,816.28,16,CBOE,Ask
2021-03-05 13:01:26.856,962.57,60,NYSE,Ask
2021-03-05 13:07:27.547,1149.86,33,NSX,Bid
2021-03-05 13:15:27.851,1347.42,48,NYSE,Ask
2021-03-05 13:21:27.902,1133.38,61,NYSE,Ask
2021-03-05 13:28:28.058,968.04,62,NYSE_ARCA,Bid
2021-03-05 13:34:28.744,1041.42,6,NASDAQ,Ask
2021-03-05 13:38:29.164,1164.39,11,NYSE,Ask
2021-03-05 13:45:29.994,937.82,77,NYSE,Ask
2021-03-05 13:48:30.818,757.77,31,CBOE,Bid
2021-03-05 13:57:30.953,807.97,10,NYSE,Bid
2021-03-05 14:02:31.475,741.2,98,CBOE,Ask
2021-03-05 14:03:32.372,753.1,12,NASDAQ,Bid
2021-03-05 14:08:33.288,903.02,8,NSX,Bid
2021-03-05 14:16:33.482,764.25,89,NSX,Ask
2021-03-05 14:21:34.368,800.04,1,NYSE_ARCA,Bid
2021-03-05 14:25:34.559,676.37,34,NASDAQ,Bid
2021-03-05 14:26:35.012,572.47,13,CBOE,Bid
2021-03-05 14:34:35.099,623.25,23,NASDAQ,Bid
2021-03-05 14:34:35.191,597.22,75,NSX,Bid
2021-03-05 14:34:35.769,713.8,36,NASDAQ,Bid
2021-03-05 14:34:36.370,732.28,1,CBOE,Bid
2021-03-05 14:39:37.078,678.74,65,NASDAQ,Ask
2021-03-05 14:44:37.379,595.02,59,NYSE_ARCA,Ask
2021-03-05 14:50:38.128,537.65,96,NYSE,Bid
2021-03-05 14:50:38.266,440.11,24,NYSE_ARCA,Bid
2021-03-05 14:55:38.607,441.43,30,NSX,Bid
2021-03-05 15:02:39.158,366.56,51,CBOE,Ask
2021-03-05 15:08:39.702,328.07,17,NYSE,Bid
2021-03-05 15:09:40.248,288.82,34,NYSE,Ask
2021-03-05 15:16:40.606,341.78,97,NYSE,Bid
2021-03-05 15:25:41.506,344.92,75,NASDAQ,Bid
2021-03-05 15:32:42.489,337.46,22,NYSE,Ask
2021-03-05 15:36:42.624,348.33,75,CBOE,Bid
2021-03-05 15:40:43.574,283.79,84,CBOE,Bid
2021-03-05 15:45:43.729,270.6,90,NYSE_ARCA,Ask
2021-03-05 15:53:44.129,253.31,68,NYSE_ARCA,Ask
2021-03-05 16:01:44.973,275.35,12,NYSE_ARCA,Bid
2021-03-05 16:02:45.688,260.55,78,NYSE,Ask
2021-03-05 16:08:46.446,239.31,45,NSX,Ask
2021-03-05 16:13:46.677,242.98,52,NYSE,Bid
2021-03-05 16:18:47.441,230.29,83,NSX,Ask
2021-03-05 16:20:47.792,184.94,28,NASDAQ,Ask
2021-03-05 16:28:48.731,156.43,5,NYSE_ARCA,Ask
2021-03-05 16:30:49.363,151.01,44,CBOE,Bid
2021-03-05 16:35:49.513,148.71,16,NASDAQ,Ask
2021-03-05 16:39:50.156,165.85,14,CBOE,Bid
2021-03-05 16:48:50.906,164.75,99,NYSE,Ask
2021-03-05 16:54:51.463,139.64,20,NASDAQ,Bid
2021-03-05 16:54:51.503,166.29,81,NYSE_ARCA,Ask
2021-03-05 16:57:51.703,183.98,37,NYSE,Bid
2021-03-05 17:05:52.537,163.52,60,NYSE,Ask
2021-03-05 17:09:53.439,133.82,69,NSX,Bid
2021-03-05 17:15:53.778,146.33,41,CBOE,Bid
2021-03-05 17:24:54.446,149.7,96,NSX,Bid
2021-03-05 17:32:54.696,177.82,42,NSX,Ask
