Timestamp,Price,Size,Exchange,Type
2021-03-05 09:39:01.879,712.8,43,NYSE,Bid
2021-03-05 09:46:02.008,596.55,56,NASDAQ,Ask
2021-03-05 09:53:02.973,509.22,39,NYSE,Ask
2021-03-05 09:53:03.758,556.16,9,NASDAQ,Bid
2021-03-05 09:55:04.310,647.95,43,NYSE_ARCA,Bid
2021-03-05 10:03:04.462,572.82,50,CBOE,Bid
2021-03-05 10:07:05.120,555.67,92,CBOE,Ask
2021-03-05 10:09:05.994,542.28,69,NSX,Bid
2021-03-05 10:12:06.869,519.07,8,NYSE_ARCA,Bid
2021-03-05 10:17:06.977,530.01,71,CBOE,Ask
2021-03-05 10:21:07.732,544.26,7,NASDAQ,Ask
2021-03-05 10:22:08.038,560.38,94,NASDAQ,Ask
2021-03-05 10:29:08.493,600.98,88,NASDAQ,Bid
2021-03-05 10:37:08.562,719.23,83,CBOE,Bid
2021-03-05 10:41:09.324,728.21,65,NYSE_ARCA,Ask
2021-03-05 10:46:09.335,637.21,82,NYSE,Bid
2021-03-05 10:50:09.917,591.79,91,NASDAQ,Ask
2021-03-05 10:58:10.076,662.73,73,NYSE_ARCA,Ask
2021-03-05 11:07:10.607,763.69,40,NYSE_ARCA,Ask
2021-03-05 11:10:11.247,631.29,23,CBOE,Ask
2021-03-05 11:15:12.246,515.94,49,NYSE_ARCA,Ask
2021-03-05 11:17:13.140,512.66,20,NSX,Bid
2021-03-05 11:23:14.061,563.41,36,CBOE,Bid
2021-03-05 11:24:14.550,595.14,80,NASDAQ,Bid
2021-03-05 11:32:15.443,542.99,81,NASDAQ,Ask
2021-03-05 11:36:15.491,577.71,11,NSX,Ask
2021-03-05 11:39:16.431,532.65,33,NASDAQ,Ask
2021-03-05 11:48:16.608,615.04,77,NYSE,Bid
2021-03-05 11:48:17.533,502.34,88,NYSE_ARCA,Bid
2021-03-05 11:57:17.923,600.41,57,NYSE_ARCA,Bid
2021-03-05 12:04:18.857,714.02,94,CBOE,Bid
2021-03-05 12:05:18.932,825.05,13,NYSE,Ask
2021-03-05 12:12:19.105,911.85,44,NYSE_ARCA,Bid
2021-03-05 12:17:19.424,915.71,24,NSX,Bid
2021-03-05 12:23:19.696,1040.79,32,NASDAQ,Ask
2021-03-05 12:32:20.204,888.04,86,NYSE_ARCA,Ask
2021-03-05 12:36:21.024,715.63,59,NYSE_ARCA,Ask
2021-03-05 12:42:21.364,823.34,52,CBOE,Bid
2021-03-05 12:44:21.624,712.92,70,NASDAQ,Bid
2021-03-05 12:46:21.922,772.17,92,NYSE,Ask
2021-03-05 12:46:22.311,649.33,37,CBOE,Ask
2021-03-05 12:54:23.274,741.05,30,NYSE,Ask
2021-03-05 12:59:23.341,884.28,58,NYSE,Ask
2021-03-05 12:59:24.235,1018.13,17,NASDAQ,Bid
2021-03-05 13:00:25.204,938.57,42,NYSE,Ask
2021-03-05 13:08:25.953,1087.84,25,NYSE,Bid
2021-03-05 13:16:26.390,1191.92,38,CBOE,Ask
2021-03-05 13:20:26.991,1138.99,32,NSX,Ask
2021-03-05 13:21:27.582,1261.31,16,NASDAQ,Bid
2021-03-05 13:23:28.522,1025.75,37,NSX,Bid
2021-03-05 13:25:28.800,1085.8,59,NASDAQ,Bid
2021-03-05 13:31:29.183,1117.59,11,CBOE,Ask
2021-03-05 13:35:29.726,1120.39,61,NYSE_ARCA,Bid
2021-03-05 13:40:30.027,950.28,58,NSX,Ask
2021-03-05 13:43:30.974,1005.48,35,NYSE_ARCA,Ask
2021-03-05 13:49:31.280,812.61,28,NYSE,Bid
2021-03-05 13:52:31.424,759.56,48,NYSE,Ask
2021-03-05 13:56:32.123,815.91,48,CBOE,Ask
2021-03-05 14:01:32.762,904.13,32,NYSE_ARCA,Bid
2021-03-05 14:08:32.973,913.75,54,NYSE,Ask
2021-03-05 14:16:33.316,943.46,64,NYSE_ARCA,Bid
2021-03-05 14:24:33.875,1125.78,46,NASDAQ,Ask
2021-03-05 14:29:34.477,917.43,62,NASDAQ,Bid
2021-03-05 14:31:34.525,1039.36,90,NYSE,Bid
2021-03-05 14:34:34.973,1030.07,88,NYSE,Ask
2021-03-05 14:41:35.313,899.15,29,NYSE,Ask
2021-03-05 14:46:35.358,764.14,34,NYSE_ARCA,Bid
2021-03-05 14:48:35.988,803.87,74,NYSE_ARCA,Bid
2021-03-05 14:48:36.477,871.98,22,NYSE,Bid
2021-03-05 14:48:36.669,931.91,20,NYSE,Bid
2021-03-05 14:50:37.133,969.05,34,NYSE_ARCA,Bid
2021-03-05 14:57:38.065,1097.66,80,NYSE_ARCA,Bid
2021-03-05 15:04:38.912,1180.92,34,NYSE_ARCA,Bid
2021-03-05 15:13:39.233,1010.09,68,NYSE,Ask
2021-03-05 15:15:39.528,1042.77,67,NASDAQ,Bid
2021-03-05 15:20:40.163,853.05,46,CBOE,Ask
2021-03-05 15:22:40.366,800.37,50,NASDAQ,Ask
2021-03-05 15:28:40.960,901.02,83,CBOE,Ask
2021-03-05 15:30:41.506,795.05,58,CBOE,Bid
2021-03-05 15:32:42.162,662.5,76,NYSE,Bid
2021-03-05 15:36:42.228,792.64,1,NSX,Ask
2021-03-05 15:42:42.820,848.7,88,NYSE,Ask
2021-03-05 15:46:43.733,694.17,92,NASDAQ,Ask
2021-03-05 15:50:44.130,647.01,84,NASDAQ,Ask
2021-03-05 15:59:44.725,771.81,44,NYSE,Ask
2021-03-05 16:05:45.114,771.59,38,NYSE_ARCA,Ask
2021-03-05 16:09:46.045,674.21,21,CBOE,Ask
2021-03-05 16:09:46.580,542.96,100,NYSE_ARCA,Bid
2021-03-05 16:16:46.587,647.57,25,CBOE,Ask
2021-03-05 16:25:47.584,551.28,37,CBOE,Bid
2021-03-05 16:25:48.263,522.15,20,NASDAQ,Bid
2021-03-05 16:27:49.089,462.53,3,NSX,Bid
2021-03-05 16:29:49.286,475.74,58,CBOE,Bid
2021-03-05 16:37:50.254,504.69,20,NYSE_ARCA,Bid
2021-03-05 16:39:50.364,582.79,14,CBOE,Ask
2021-03-05 16:46:51.000,491.8,4,NASDAQ,Bid
2021-03-05 16:48:51.302,490.7,71,NYSE,Ask
2021-03-05 16:55:52.045,574.81,4,NASDAQ,Ask
2021-03-05 17:00:52.826,516.83,10,NASDAQ,Bid
2021-03-05 17:09:53.648,499.36,88,CBOE,Ask
