Timestamp,Price,Size,Exchange,Type
2021-03-05 09:34:01.067,1080.21,30,NSX,Ask
2021-03-05 09:43:01.209,1294.23,47,CBOE,Ask
2021-03-05 09:51:01.800,1091.98,52,CBOE,Ask
2021-03-05 09:55:02.132,1090.93,35,NYSE,Bid
2021-03-05 10:02:02.596,970.31,44,CBOE,Bid
2021-03-05 10:08:03.034,876.11,96,NASDAQ,Ask
2021-03-05 10:13:03.344,838.93,100,NSX,Ask
2021-03-05 10:21:03.770,859.55,74,NASDAQ,Bid
2021-03-05 10:27:04.414,792.64,55,CBOE,Bid
2021-03-05 10:29:05.294,917.78,62,NYSE,Bid
2021-03-05 10:30:05.966,873.26,11,CBOE,Bid
2021-03-05 10:30:06.905,803.87,85,NSX,Ask
2021-03-05 10:36:07.785,749.49,77,CBOE,Ask
2021-03-05 10:36:08.281,652.97,65,NYSE_ARCA,Ask
2021-03-05 10:45:08.455,542.21,86,CBOE,Ask
2021-03-05 10:47:08.680,513.17,96,NASDAQ,Ask
2021-03-05 10:50:08.920,529.98,10,NASDAQ,Ask
2021-03-05 10:51:09.314,439.03,52,NASDAQ,Bid
2021-03-05 10:56:09.542,359.0,5,CBOE,Bid
2021-03-05 11:04:10.022,319.39,1,NSX,Bid
2021-03-05 11:06:10.759,352.25,68,NYSE,Bid
2021-03-05 11:07:11.319,333.47,39,NYSE_ARCA,Ask
2021-03-05 11:11:11.577,332.59,53,NYSE,Ask
2021-03-05 11:18:11.950,373.37,38,NSX,Ask
2021-03-05 11:20:12.255,428.17,49,NASDAQ,Bid
2021-03-05 11:21:12.439,502.97,91,NASDAQ,Ask
2021-03-05 11:30:13.392,593.42,15,NYSE_ARCA,Bid
2021-03-05 11:34:14.169,496.23,6,NYSE_ARCA,Ask
2021-03-05 11:37:14.227,401.0,94,CBOE,Bid
2021-03-05 11:46:14.746,407.57,85,NYSE_ARCA,Bid
2021-03-05 11:53:14.988,468.3,59,NYSE,Ask
2021-03-05 11:56:15.424,514.55,87,NASDAQ,Ask
2021-03-05 12:04:15.824,480.11,26,NASDAQ,Bid
2021-03-05 12:05:16.361,396.09,12,NASDAQ,Ask
2021-03-05 12:07:16.500,452.11,79,CBOE,Ask
2021-03-05 12:12:16.820,470.34,87,NASDAQ,Bid
2021-03-05 12:19:17.501,516.03,100,NASDAQ,Ask
2021-03-05 12:22:18.071,569.19,54,NASDAQ,Ask
2021-03-05 12:30:18.089,681.49,91,NSX,Bid
2021-03-05 12:32:18.823,635.91,56,NSX,Ask
2021-03-05 12:34:19.698,602.43,8,NSX,Ask
2021-03-05 12:39:20.663,701.46,52,NASDAQ,Ask
2021-03-05 12:39:21.474,796.11,17,NYSE_ARCA,Ask
2021-03-05 12:46:22.220,756.42,80,NYSE,Bid
2021-03-05 12:51:22.846,865.55,71,NASDAQ,Bid
2021-03-05 13:00:23.613,944.02,31,NYSE,Bid
2021-03-05 13:09:23.629,942.34,9,NSX,Bid
2021-03-05 13:12:24.421,895.46,83,NYSE_ARCA,Ask
2021-03-05 13:20:25.326,825.2,48,NYSE_ARCA,Ask
2021-03-05 13:23:26.242,922.08,85,NSX,Ask
2021-03-05 13:29:26.686,821.25,27,NASDAQ,Ask
2021-03-05 13:32:27.392,949.52,19,NSX,Ask
2021-03-05 13:38:28.156,1094.41,99,NASDAQ,Ask
2021-03-05 13:44:29.077,892.29,61,NYSE_ARCA,Bid
2021-03-05 13:47:29.471,1037.49,56,NYSE_ARCA,Bid
2021-03-05 13:48:29.912,919.57,4,NASDAQ,Ask
2021-03-05 13:56:30.764,1068.04,87,CBOE,Ask
2021-03-05 14:04:31.594,918.02,10,NYSE_ARCA,Bid
2021-03-05 14:10:31.709,941.17,27,NYSE_ARCA,Bid
2021-03-05 14:16:31.905,1027.26,1,CBOE,Bid
2021-03-05 14:25:32.528,1226.85,13,NYSE,Ask
2021-03-05 14:28:33.085,1193.91,1,NSX,Ask
2021-03-05 14:34:33.152,1053.8,8,NSX,Ask
2021-03-05 14:34:33.651,1047.24,87,NSX,Bid
2021-03-05 14:42:33.745,1011.91,6,NSX,Ask
2021-03-05 14:47:34.526,841.88,69,NASDAQ,Bid
2021-03-05 14:53:34.603,809.03,97,NYSE,Bid
2021-03-05 14:58:34.644,844.76,5,CBOE,Ask
2021-03-05 15:01:34.801,925.41,60,NASDAQ,Ask
2021-03-05 15:05:35.013,1069.14,1,NASDAQ,Ask
2021-03-05 15:07:35.564,1158.13,100,CBOE,Ask
2021-03-05 15:11:36.305,1380.64,65,NYSE_ARCA,Ask
2021-03-05 15:13:36.344,1267.34,71,NASDAQ,Ask
2021-03-05 15:19:36.403,1464.34,73,CBOE,Ask
2021-03-05 15:27:36.518,1728.51,20,NASDAQ,Bid
2021-03-05 15:27:36.872,1562.44,9,NYSE,Ask
2021-03-05 15:28:37.622,1804.04,78,CBOE,Ask
2021-03-05 15:33:38.428,1455.68,38,NSX,Ask
2021-03-05 15:33:38.995,1182.77,27,NYSE_ARCA,Bid
2021-03-05 15:37:39.366,1243.24,23,NASDAQ,Bid
2021-03-05 15:37:39.560,1048.85,2,NASDAQ,Ask
2021-03-05 15:38:39.864,1240.26,12,NYSE,Bid
2021-03-05 15:43:39.986,1279.59,26,CBOE,Ask
2021-03-05 15:50:40.654,1254.71,22,CBOE,Bid
2021-03-05 15:51:41.311,1044.35,5,CBOE,Bid
2021-03-05 15:54:41.933,999.52,77,CBOE,Ask
2021-03-05 15:58:42.309,1022.79,51,NYSE_ARCA,Ask
2021-03-05 15:58:42.840,926.98,46,NSX,Ask
2021-03-05 16:07:43.374,1037.11,76,NSX,Bid
2021-03-05 16:16:43.969,842.47,61,NASDAQ,Bid
2021-03-05 16:25:44.325,926.07,19,NASDAQ,Ask
2021-03-05 16:29:44.784,1047.24,3,NYSE,Bid
2021-03-05 16:32:45.195,946.54,90,NYSE_ARCA,Ask
2021-03-05 16:38:45.949,1037.62,32,NSX,Ask
2021-03-05 16:42:46.204,873.81,17,NASDAQ,Bid
2021-03-05 16:47:46.737,871.6,64,NASDAQ,Ask
2021-03-05 16:49:47.691,932.45,71,NASDAQ,Ask
2021-03-05 16:58:48.592,1109.91,88,NYSE_ARCA,Bid
2021-03-05 16:58:49.547,981.22,73,NASDAQ,Bid
2021-03-05 16:58:49.553,795.05,4,NSX,Ask
