Timestamp,Price,Size,Exchange,Type
2021-03-05 09:39:01.871,88.93,38,NASDAQ,Ask
2021-03-05 09:45:02.104,105.4,32,NYSE,Bid
2021-03-05 09:53:02.181,113.61,61,NYSE_ARCA,Ask
2021-03-05 09:55:02.910,99.31,44,NYSE,Bid
2021-03-05 10:01:03.692,117.88,76,NYSE,Bid
2021-03-05 10:05:03.809,122.48,55,NYSE_ARCA,Ask
2021-03-05 10:14:03.888,128.65,23,NASDAQ,Bid
2021-03-05 10:23:04.795,108.3,44,NSX,Ask
2021-03-05 10:32:05.199,100.98,72,CBOE,Ask
2021-03-05 10:37:05.311,97.92,72,NSX,Ask
2021-03-05 10:41:05.904,116.86,60,NYSE_ARCA,Ask
2021-03-05 10:50:06.343,130.04,98,CBOE,Bid
2021-03-05 10:59:06.427,129.35,26,NASDAQ,Ask
2021-03-05 11:00:06.872,118.88,11,CBOE,Bid
2021-03-05 11:08:07.107,125.85,73,CBOE,Bid
2021-03-05 11:12:07.908,107.38,91,NSX,Bid
2021-03-05 11:20:08.450,91.09,3,NASDAQ,Bid
2021-03-05 11:24:08.833,93.72,90,NSX,Bid
2021-03-05 11:26:09.631,86.68,56,NYSE_ARCA,Bid
2021-03-05 11:29:10.275,89.78,40,NYSE_ARCA,Bid
2021-03-05 11:31:10.708,101.77,75,NYSE_ARCA,Ask
2021-03-05 11:40:11.145,81.03,43,NYSE,Bid
2021-03-05 11:41:11.867,79.56,16,CBOE,Bid
2021-03-05 11:42:12.464,72.62,69,NYSE,Ask
2021-03-05 11:50:12.820,82.88,46,NSX,Bid
2021-03-05 11:50:13.587,96.2,99,NYSE_ARCA,Ask
2021-03-05 11:54:13.717,108.79,100,NSX,Bid
2021-03-05 12:02:14.171,99.08,8,NSX,Ask
2021-03-05 12:07:14.468,83.5,16,NSX,Ask
2021-03-05 12:15:15.133,98.58,85,NYSE_ARCA,Ask
2021-03-05 12:18:15.184,91.61,79,CBOE,Bid
2021-03-05 12:22:15.890,76.74,27,NYSE,Ask
2021-03-05 12:22:16.003,80.18,80,NYSE,Ask
2021-03-05 12:24:16.284,71.36,60,NSX,Ask
2021-03-05 12:27:16.591,71.08,70,NASDAQ,Bid
2021-03-05 12:28:17.417,61.16,2,NSX,Bid
2021-03-05 12:33:17.937,64.9,15,NASDAQ,Bid
2021-03-05 12:36:17.963,52.99,93,CBOE,Bid
2021-03-05 12:39:18.168,45.69,11,NYSE_ARCA,Ask
2021-03-05 12:39:18.771,40.77,5,CBOE,Ask
2021-03-05 12:48:19.324,40.93,75,NASDAQ,Bid
2021-03-05 12:52:20.272,42.67,44,NSX,Ask
2021-03-05 12:59:20.370,41.22,6,CBOE,Bid
2021-03-05 13:03:20.764,41.05,73,NSX,Ask
2021-03-05 13:05:21.075,34.78,16,CBOE,Bid
2021-03-05 13:12:22.052,35.23,33,NASDAQ,Bid
2021-03-05 13:12:22.226,40.52,36,NYSE,Bid
2021-03-05 13:20:23.119,38.52,27,CBOE,Bid
2021-03-05 13:22:23.712,31.6,76,CBOE,Bid
2021-03-05 13:28:24.435,33.44,48,CBOE,Ask
2021-03-05 13:30:24.565,30.67,86,NYSE_ARCA,Bid
2021-03-05 13:34:25.025,27.63,82,NYSE,Ask
2021-03-05 13:39:25.134,29.54,81,CBOE,Ask
2021-03-05 13:48:26.131,25.98,54,CBOE,Ask
2021-03-05 13:53:26.576,27.02,46,NYSE_ARCA,Ask
2021-03-05 13:57:27.245,22.16,86,NYSE,Bid
2021-03-05 14:04:27.509,25.02,38,NASDAQ,Bid
2021-03-05 14:10:28.413,30.4,94,NYSE,Ask
2021-03-05 14:19:29.272,27.57,27,NYSE,Bid
2021-03-05 14:22:29.997,24.15,96,CBOE,Bid
2021-03-05 14:27:30.652,28.76,50,NASDAQ,Ask
2021-03-05 14:28:30.704,29.69,32,NYSE_ARCA,Bid
2021-03-05 14:33:30.990,28.31,2,NSX,Bid
2021-03-05 14:41:31.299,33.78,97,CBOE,Bid
2021-03-05 14:50:31.882,28.85,31,NSX,Bid
2021-03-05 14:58:32.791,25.91,95,NYSE_ARCA,Bid
2021-03-05 15:02:32.841,28.46,76,NYSE,Bid
2021-03-05 15:04:33.561,23.75,52,NASDAQ,Bid
2021-03-05 15:10:33.732,27.52,67,CBOE,Bid
2021-03-05 15:12:34.417,32.5,13,NSX,Ask
2021-03-05 15:14:34.696,39.43,93,NYSE_ARCA,Ask
2021-03-05 15:16:34.870,45.85,89,NASDAQ,Bid
2021-03-05 15:24:35.518,51.48,22,NSX,Bid
2021-03-05 15:26:36.046,44.4,57,NYSE_ARCA,Ask
2021-03-05 15:33:36.844,44.77,56,NYSE_ARCA,Bid
2021-03-05 15:37:37.791,39.92,58,NYSE_ARCA,Ask
2021-03-05 15:44:38.007,39.39,25,NSX,Bid
2021-03-05 15:48:38.870,38.17,18,NYSE_ARCA,Bid
2021-03-05 15:54:39.658,44.3,67,CBOE,Bid
2021-03-05 15:56:40.638,42.91,63,CBOE,Bid
2021-03-05 16:03:41.515,47.52,54,NYSE_ARCA,Ask
2021-03-05 16:06:42.401,45.19,1,NSX,Bid
2021-03-05 16:13:43.034,50.46,59,NSX,Ask
2021-03-05 16:17:43.357,42.76,62,CBOE,Bid
2021-03-05 16:25:43.943,49.93,52,NASDAQ,Bid
2021-03-05 16:25:44.715,43.48,50,NYSE_ARCA,Ask
2021-03-05 16:34:45.671,46.96,31,NYSE,Ask
2021-03-05 16:38:46.274,48.46,51,NASDAQ,Ask
2021-03-05 16:39:46.790,39.77,76,NSX,Ask
2021-03-05 16:43:47.252,39.67,24,NASDAQ,Bid
2021-03-05 16:51:47.828,38.6,47,NSX,Bid
2021-03-05 17:00:48.081,45.01,77,NSX,Bid
2021-03-05 17:09:48.346,51.02,73,CBOE,Bid
2021-03-05 17:12:48.829,59.82,48,CBOE,Bid
2021-03-05 17:14:48.863,52.88,57,CBOE,Bid
2021-03-05 17:18:49.059,58.62,18,CBOE,Ask
2021-03-05 17:18:49.216,54.24,97,NYSE,Ask
2021-03-05 17:20:50.167,56.76,45,NYSE,Bid
2021-03-05 17:21:50.206,67.66,44,CBOE,Bid
2021-03-05 17:28:50.664,61.82,2,NYSE_ARCA,Ask
