Timestamp,Price,Size,Exchange,Type
2021-03-05 09:32:01.739,256.07,58,NYSE_ARCA,Ask
2021-03-05 09:39:02.100,264.4,52,NYSE_ARCA,Ask
2021-03-05 09:42:02.119,267.07,33,NYSE,Ask
2021-03-05 09:49:02.632,254.08,95,NSX,Ask
2021-03-05 09:52:03.162,240.58,11,CBOE,Ask
2021-03-05 09:56:03.648,222.38,23,CBOE,Ask
2021-03-05 10:00:03.653,250.7,46,NYSE,Ask
2021-03-05 10:06:04.550,250.14,1,NYSE_ARCA,Bid
2021-03-05 10:08:04.602,199.86,40,NYSE_ARCA,Ask
2021-03-05 10:13:05.522,188.51,59,NSX,Bid
2021-03-05 10:17:05.997,193.17,47,NSX,Bid
2021-03-05 10:25:06.845,214.5,98,NYSE,Bid
2021-03-05 10:26:07.054,173.9,41,NSX,Ask
2021-03-05 10:34:07.571,188.92,17,CBOE,Bid
2021-03-05 10:42:07.721,168.3,64,NYSE,Bid
2021-03-05 10:50:08.466,173.92,100,NYSE,Ask
2021-03-05 10:53:09.068,176.87,85,NSX,Ask
2021-03-05 10:54:09.356,195.36,57,NYSE_ARCA,Ask
2021-03-05 10:58:09.979,218.33,69,NYSE,Bid
2021-03-05 10:59:10.206,250.28,14,NYSE,Ask
2021-03-05 10:59:10.633,223.99,68,NYSE,Bid
2021-03-05 11:03:11.301,196.53,56,NASDAQ,Bid
2021-03-05 11:09:11.801,186.92,14,NSX,Ask
2021-03-05 11:15:12.659,199.79,57,NYSE_ARCA,Ask
2021-03-05 11:23:13.368,236.65,97,NYSE_ARCA,Bid
2021-03-05 11:24:13.753,251.78,53,NSX,Ask
2021-03-05 11:33:14.075,209.34,87,CBOE,Ask
2021-03-05 11:40:14.787,217.23,71,NYSE_ARCA,Ask
2021-03-05 11:49:15.397,240.4,32,NASDAQ,Bid
2021-03-05 11:49:15.820,235.78,26,NYSE_ARCA,Ask
2021-03-05 11:53:16.294,267.23,33,NSX,Bid
2021-03-05 12:00:16.462,304.1,78,CBOE,Ask
2021-03-05 12:00:17.452,288.42,44,NYSE_ARCA,Bid
2021-03-05 12:04:17.870,246.18,99,NYSE,Ask
2021-03-05 12:09:18.357,235.43,100,CBOE,Ask
2021-03-05 12:12:19.185,221.25,94,NYSE,Bid
2021-03-05 12:12:20.144,250.97,8,NSX,Ask
2021-03-05 12:21:20.726,247.05,73,NYSE,Ask
2021-03-05 12:23:21.641,208.64,4,CBOE,Bid
2021-03-05 12:29:21.973,207.88,75,NSX,Ask
2021-03-05 12:32:22.720,230.18,64,CBOE,Bid
2021-03-05 12:35:22.767,196.91,5,NYSE,Bid
2021-03-05 12:38:23.243,174.76,29,NASDAQ,Ask
2021-03-05 12:38:23.723,148.5,1,NSX,Ask
2021-03-05 12:42:23.942,137.79,37,CBOE,Ask
2021-03-05 12:43:24.773,141.74,7,NYSE,Ask
2021-03-05 12:47:25.603,116.3,95,NYSE_ARCA,Ask
2021-03-05 12:54:26.025,96.49,41,NSX,Ask
2021-03-05 13:02:26.730,110.78,86,NYSE,Ask
2021-03-05 13:11:27.661,101.25,54,NYSE,Ask
2021-03-05 13:16:27.958,110.49,81,NSX,Ask
2021-03-05 13:16:28.189,103.87,88,NYSE,Bid
2021-03-05 13:16:29.124,104.84,24,NSX,Bid
2021-03-05 13:21:29.449,109.66,12,CBOE,Ask
2021-03-05 13:27:29.834,94.11,81,NASDAQ,Ask
2021-03-05 13:36:30.017,79.68,17,NYSE_ARCA,Ask
2021-03-05 13:42:30.898,79.13,61,NYSE,Bid
2021-03-05 13:46:31.773,85.16,42,NSX,Ask
2021-03-05 13:46:32.192,88.89,39,NASDAQ,Ask
2021-03-05 13:49:32.403,97.43,36,NSX,Ask
2021-03-05 13:52:33.127,111.16,44,NSX,Bid
2021-03-05 13:52:33.757,108.72,4,NSX,Bid
2021-03-05 14:00:34.411,104.91,62,NSX,Bid
2021-03-05 14:09:35.285,116.55,36,NSX,Ask
2021-03-05 14:10:35.374,93.26,42,NYSE_ARCA,Bid
2021-03-05 14:10:36.205,110.69,74,NASDAQ,Ask
2021-03-05 14:11:36.216,94.44,90,CBOE,Bid
2021-03-05 14:18:36.318,89.36,62,NSX,Ask
2021-03-05 14:26:37.260,104.7,29,NASDAQ,Ask
2021-03-05 14:29:37.493,97.49,63,NASDAQ,Bid
2021-03-05 14:38:38.451,84.25,94,NYSE_ARCA,Bid
2021-03-05 14:46:38.494,72.51,97,NASDAQ,Ask
2021-03-05 14:53:39.487,85.48,21,NYSE_ARCA,Bid
2021-03-05 15:02:39.981,78.37,83,NASDAQ,Ask
2021-03-05 15:11:40.556,69.32,71,NSX,Ask
2021-03-05 15:12:40.956,56.16,22,NYSE_ARCA,Bid
2021-03-05 15:15:41.321,50.79,88,NYSE,Ask
2021-03-05 15:19:41.623,41.93,31,NASDAQ,Bid
2021-03-05 15:19:41.963,42.6,21,NASDAQ,Ask
2021-03-05 15:24:42.424,35.85,64,NYSE,Ask
2021-03-05 15:26:43.356,35.82,25,CBOE,Bid
2021-03-05 15:32:44.297,41.77,45,NYSE,Ask
2021-03-05 15:33:44.305,35.32,39,NYSE_ARCA,Ask
2021-03-05 15:40:44.614,30.09,64,CBOE,Bid
2021-03-05 15:43:45.219,34.5,41,NYSE,Bid
2021-03-05 15:48:45.416,37.92,85,NSX,Bid
2021-03-05 15:51:45.428,43.71,33,NYSE,Bid
2021-03-05 16:00:46.004,51.13,16,NYSE_ARCA,Ask
2021-03-05 16:05:46.089,45.69,78,CBOE,Bid
2021-03-05 16:05:46.549,51.68,96,CBOE,Ask
2021-03-05 16:05:46.716,46.62,48,NYSE_ARCA,Bid
2021-03-05 16:13:47.692,41.62,40,NYSE,Bid
2021-03-05 16:16:47.721,48.17,41,NSX,Ask
2021-03-05 16:20:48.366,51.47,84,NYSE_ARCA,Bid
2021-03-05 16:27:48.786,61.84,96,CBOE,Ask
2021-03-05 16:30:48.902,64.73,67,NSX,Bid
2021-03-05 16:34:49.614,54.58,75,NYSE,Bid
2021-03-05 16:37:49.867,44.91,32,CBOE,Ask
2021-03-05 16:41:50.363,38.11,19,NYSE_ARCA,Bid
2021-03-05 16:44:50.828,32.31,17,NASDAQ,Ask
