Timestamp,Price,Size,Exchange,Type
2021-03-05 09:36:01.548,193.45,78,CBOE,Ask
2021-03-05 09:40:01.697,160.25,51,NSX,Bid
2021-03-05 09:40:02.297,188.06,73,NYSE,Ask
2021-03-05 09:47:03.278,187.64,21,NYSE,Bid
2021-03-05 09:50:03.765,209.51,21,NASDAQ,Bid
2021-03-05 09:57:04.381,189.97,78,NYSE,Bid
2021-03-05 10:00:04.639,184.25,66,CBOE,Ask
2021-03-05 10:05:04.966,193.57,30,NYSE_ARCA,Bid
2021-03-05 10:07:05.325,157.6,4,NYSE,Ask
2021-03-05 10:08:05.907,159.86,78,NYSE,Ask
2021-03-05 10:11:06.888,143.22,97,CBOE,Bid
2021-03-05 10:20:07.131,139.65,24,NSX,Bid
2021-03-05 10:23:07.354,118.97,18,NYSE_ARCA,Bid
2021-03-05 10:26:07.796,134.25,75,NYSE,Bid
2021-03-05 10:28:08.073,143.15,64,NYSE,Bid
2021-03-05 10:28:09.015,118.2,81,NYSE_ARCA,Bid
2021-03-05 10:36:09.663,133.13,79,NYSE,Bid
2021-03-05 10:43:10.131,120.43,24,NASDAQ,Bid
2021-03-05 10:51:11.116,102.0,82,NASDAQ,Bid
2021-03-05 10:59:11.844,96.38,58,NASDAQ,Ask
2021-03-05 10:59:12.302,96.28,26,CBOE,Ask
2021-03-05 11:03:13.103,88.0,62,NYSE_ARCA,Bid
2021-03-05 11:10:13.547,95.87,34,NYSE,Bid
2021-03-05 11:19:13.733,96.57,11,NSX,Bid
2021-03-05 11:19:13.953,114.08,4,CBOE,Ask
2021-03-05 11:25:14.166,123.86,57,NSX,Bid
2021-03-05 11:29:14.898,112.11,52,NASDAQ,Ask
2021-03-05 11:35:15.235,127.3,93,CBOE,Ask
2021-03-05 11:36:15.367,127.24,76,CBOE,Bid
2021-03-05 11:44:15.411,125.87,82,NYSE,Ask
2021-03-05 11:49:16.018,123.05,98,NYSE,Ask
2021-03-05 11:57:16.496,112.74,45,CBOE,Ask
2021-03-05 11:57:16.711,99.99,66,NYSE_ARCA,Bid
2021-03-05 11:58:17.655,93.0,17,CBOE,Bid
2021-03-05 12:05:18.620,111.2,81,NSX,Ask
2021-03-05 12:11:19.418,105.57,16,CBOE,Bid
2021-03-05 12:16:20.153,96.74,16,CBOE,Bid
2021-03-05 12:17:20.282,83.81,22,NASDAQ,Bid
2021-03-05 12:23:20.498,83.4,36,CBOE,Ask
2021-03-05 12:25:21.232,70.31,44,NYSE_ARCA,Bid
2021-03-05 12:34:21.896,66.5,84,NASDAQ,Ask
2021-03-05 12:41:22.404,65.58,21,NYSE_ARCA,Bid
2021-03-05 12:48:22.998,65.09,51,NSX,Bid
2021-03-05 12:49:23.322,71.74,38,NYSE,Ask
2021-03-05 12:52:23.591,61.4,83,NYSE_ARCA,Ask
2021-03-05 12:54:24.276,62.7,52,CBOE,Ask
2021-03-05 12:54:24.558,62.83,96,NSX,Bid
2021-03-05 12:57:25.545,59.04,75,NSX,Bid
2021-03-05 12:58:26.180,51.32,38,CBOE,Bid
2021-03-05 12:58:26.244,50.94,39,NASDAQ,Bid
2021-03-05 13:05:26.313,54.01,79,NYSE,Bid
2021-03-05 13:05:26.416,43.74,79,NYSE,Ask
2021-03-05 13:13:26.976,37.62,97,CBOE,Ask
2021-03-05 13:15:27.298,29.78,42,NSX,Ask
2021-03-05 13:16:27.444,32.4,82,CBOE,Ask
2021-03-05 13:25:27.982,25.6,23,CBOE,Bid
2021-03-05 13:29:28.652,27.19,98,NASDAQ,Ask
2021-03-05 13:36:29.026,25.06,84,NYSE_ARCA,Bid
2021-03-05 13:41:29.699,23.91,10,NYSE,Bid
2021-03-05 13:49:30.697,27.03,4,NYSE,Bid
2021-03-05 13:53:31.332,23.6,11,CBOE,Ask
2021-03-05 14:00:31.862,26.9,42,NYSE,Ask
2021-03-05 14:03:32.302,28.83,55,NYSE_ARCA,Bid
2021-03-05 14:09:32.561,24.1,64,NASDAQ,Ask
2021-03-05 14:10:33.163,27.63,22,NYSE_ARCA,Ask
2021-03-05 14:19:33.714,25.94,94,NSX,Ask
2021-03-05 14:24:34.287,25.89,98,CBOE,Bid
2021-03-05 14:31:34.415,31.48,79,NYSE_ARCA,Bid
2021-03-05 14:37:35.384,28.1,30,NYSE_ARCA,Bid
2021-03-05 14:44:35.986,24.28,81,CBOE,Ask
2021-03-05 14:53:36.237,22.51,71,NASDAQ,Bid
2021-03-05 14:58:36.676,19.84,3,CBOE,Bid
2021-03-05 15:05:36.720,17.77,33,NYSE_ARCA,Bid
2021-03-05 15:11:36.741,14.92,53,NASDAQ,Bid
2021-03-05 15:18:37.170,14.13,71,NASDAQ,Bid
2021-03-05 15:19:37.781,11.88,20,NASDAQ,Ask
2021-03-05 15:22:38.386,13.75,31,NASDAQ,Bid
2021-03-05 15:31:39.155,14.93,39,NYSE,Ask
2021-03-05 15:33:39.535,13.32,63,NYSE_ARCA,Bid
2021-03-05 15:35:39.766,12.32,46,NSX,Ask
2021-03-05 15:38:40.396,11.81,87,NYSE_ARCA,Bid
2021-03-05 15:45:40.888,13.24,65,CBOE,Bid
2021-03-05 15:53:41.619,12.67,44,NYSE_ARCA,Bid
2021-03-05 16:02:41.654,9.76,8,NSX,Ask
2021-03-05 16:09:42.505,9.02,19,CBOE,Ask
2021-03-05 16:11:43.014,9.15,79,NYSE,Bid
2021-03-05 16:19:43.505,7.3,54,NYSE_ARCA,Bid
2021-03-05 16:22:44.429,9.05,67,NSX,Ask
2021-03-05 16:25:45.254,11.01,96,NYSE,Bid
2021-03-05 16:25:45.879,12.02,80,NSX,Ask
2021-03-05 16:31:46.465,14.39,80,NYSE,Ask
2021-03-05 16:40:46.590,15.22,96,NYSE_ARCA,Ask
2021-03-05 16:49:47.032,13.44,58,NSX,Bid
2021-03-05 16:56:47.237,14.09,84,NASDAQ,Ask
2021-03-05 16:56:48.112,13.66,54,NYSE_ARCA,Ask
2021-03-05 17:01:48.759,12.75,47,NYSE,Ask
2021-03-05 17:05:48.931,12.03,32,NSX,Bid
2021-03-05 17:12:49.382,10.95,26,NYSE_ARCA,Bid
2021-03-05 17:17:50.299,11.78,98,NYSE_ARCA,Ask
2021-03-05 17:17:50.726,9.58,26,NYSE_ARCA,Bid
