Timestamp,Price,Size,Exchange,Type
2021-03-05 09:34:01.571,505.79,93,CBOE,Bid
2021-03-05 09:35:02.488,456.52,39,NSX,Ask
2021-03-05 09:44:03.276,387.11,46,NASDAQ,Bid
2021-03-05 09:52:03.338,460.89,41,NYSE,Ask
2021-03-05 09:58:03.779,425.02,31,NYSE,Ask
2021-03-05 09:59:04.482,346.38,11,NYSE,Bid
2021-03-05 10:03:05.340,415.63,62,NASDAQ,Bid
2021-03-05 10:03:05.883,456.52,18,NYSE_ARCA,Ask
2021-03-05 10:08:06.518,438.93,51,NYSE,Ask
2021-03-05 10:09:07.182,469.77,9,NASDAQ,Bid
2021-03-05 10:16:08.086,421.0,55,CBOE,Ask
2021-03-05 10:16:08.095,382.91,57,CBOE,Bid
2021-03-05 10:16:08.854,335.83,48,NSX,Bid
2021-03-05 10:17:09.258,326.26,68,NASDAQ,Ask
2021-03-05 10:19:09.587,321.96,49,NYSE,Ask
2021-03-05 10:20:10.018,354.94,3,NYSE_ARCA,Bid
2021-03-05 10:29:10.986,313.51,48,NASDAQ,Ask
2021-03-05 10:29:11.566,334.32,83,NSX,Ask
2021-03-05 10:31:12.411,329.68,9,NYSE_ARCA,Ask
2021-03-05 10:37:13.188,353.35,80,NSX,Ask
2021-03-05 10:41:13.642,343.2,36,CBOE,Bid
2021-03-05 10:46:13.803,393.3,11,NASDAQ,Bid
2021-03-05 10:55:14.254,348.9,61,CBOE,Bid
2021-03-05 10:59:15.088,328.46,78,NYSE,Bid
2021-03-05 11:06:15.752,317.35,85,CBOE,Ask
2021-03-05 11:12:16.044,269.11,55,NYSE_ARCA,Bid
2021-03-05 11:21:16.095,288.62,76,NYSE_ARCA,Ask
2021-03-05 11:22:16.270,239.39,94,NYSE_ARCA,Bid
2021-03-05 11:31:16.696,253.1,33,NSX,Bid
2021-03-05 11:36:17.567,248.01,71,NYSE_ARCA,Bid
2021-03-05 11:43:18.536,251.95,78,CBOE,Bid
2021-03-05 11:49:19.348,270.2,100,NYSE,Ask
2021-03-05 11:57:20.286,223.07,100,NSX,Bid
2021-03-05 11:57:20.731,222.54,58,NYSE,Ask
2021-03-05 12:01:21.058,244.97,38,NYSE,Ask
2021-03-05 12:08:21.292,228.56,53,NASDAQ,Ask
2021-03-05 12:14:21.463,244.32,100,NYSE,Ask
2021-03-05 12:20:22.194,279.53,79,NYSE_ARCA,Bid
2021-03-05 12:21:22.858,289.28,9,NYSE,Ask
2021-03-05 12:24:23.165,339.09,70,NYSE_ARCA,Ask
2021-03-05 12:24:23.297,345.02,59,NASDAQ,Bid
2021-03-05 12:25:23.890,409.15,64,NYSE_ARCA,Ask
2021-03-05 12:29:24.627,335.36,83,NASDAQ,Bid
2021-03-05 12:35:24.675,271.62,63,NYSE_ARCA,Ask
2021-03-05 12:40:24.793,309.9,98,NYSE_ARCA,Ask
2021-03-05 12:47:24.827,297.97,55,NYSE_ARCA,Ask
2021-03-05 12:47:24.920,251.14,97,NASDAQ,Bid
2021-03-05 12:52:25.182,246.06,74,NYSE_ARCA,Bid
2021-03-05 12:53:25.449,266.21,33,NYSE_ARCA,Ask
2021-03-05 12:57:26.202,262.25,32,NYSE,Ask
2021-03-05 13:06:26.973,240.72,6,NYSE_ARCA,Ask
2021-03-05 13:14:27.327,262.54,19,NSX,Ask
2021-03-05 13:21:28.048,280.4,28,NSX,Ask
2021-03-05 13:23:28.944,320.66,86,NASDAQ,Bid
2021-03-05 13:28:29.243,318.24,94,NYSE,Ask
2021-03-05 13:30:29.436,299.7,18,NYSE,Ask
2021-03-05 13:39:29.594,298.16,72,NSX,Ask
2021-03-05 13:48:29.903,306.94,7,NYSE_ARCA,Ask
2021-03-05 13:52:30.128,368.78,69,NYSE_ARCA,Ask
2021-03-05 13:54:30.463,425.32,20,CBOE,Bid
2021-03-05 13:58:30.625,359.29,38,NYSE_ARCA,Bid
2021-03-05 14:00:31.040,355.43,58,NYSE,Bid
2021-03-05 14:00:31.591,316.25,18,NYSE_ARCA,Ask
2021-03-05 14:06:31.905,327.07,76,NSX,Ask
2021-03-05 14:07:32.594,384.17,16,NSX,Ask
2021-03-05 14:12:33.363,439.84,75,NASDAQ,Ask
2021-03-05 14:20:33.942,479.37,1,NYSE,Bid
2021-03-05 14:29:34.080,495.3,79,NASDAQ,Ask
2021-03-05 14:36:34.789,525.5,57,NASDAQ,Bid
2021-03-05 14:36:35.698,546.94,39,NYSE,Ask
2021-03-05 14:41:36.499,490.0,79,NYSE,Bid
2021-03-05 14:41:36.795,545.24,22,NSX,Bid
2021-03-05 14:44:36.817,639.45,67,NYSE_ARCA,Ask
2021-03-05 14:48:37.784,513.17,11,CBOE,Ask
2021-03-05 14:56:37.998,471.99,74,NASDAQ,Ask
2021-03-05 15:00:38.948,484.13,52,NSX,Ask
2021-03-05 15:02:39.485,508.03,54,NYSE_ARCA,Bid
2021-03-05 15:08:40.319,415.3,8,NYSE,Ask
2021-03-05 15:14:40.435,367.37,58,NYSE_ARCA,Ask
2021-03-05 15:15:41.203,313.4,67,NASDAQ,Bid
2021-03-05 15:16:42.195,301.83,29,CBOE,Bid
2021-03-05 15:22:43.085,242.92,96,NYSE_ARCA,Bid
2021-03-05 15:27:43.185,243.18,19,NSX,Ask
2021-03-05 15:27:43.613,261.8,58,NYSE,Ask
2021-03-05 15:34:43.970,261.54,46,CBOE,Bid
2021-03-05 15:34:44.040,258.02,90,NASDAQ,Bid
2021-03-05 15:41:44.690,305.79,70,NASDAQ,Bid
2021-03-05 15:47:45.226,276.03,85,NASDAQ,Ask
2021-03-05 15:54:45.845,287.65,99,NYSE_ARCA,Bid
2021-03-05 15:59:46.482,276.54,8,CBOE,Ask
2021-03-05 16:03:47.134,257.49,89,NSX,Ask
2021-03-05 16:11:47.404,259.59,48,NYSE,Ask
2021-03-05 16:18:47.483,220.75,38,NSX,Bid
2021-03-05 16:18:47.650,263.49,85,NYSE_ARCA,Bid
2021-03-05 16:22:48.520,297.21,41,NYSE_ARCA,Ask
2021-03-05 16:24:49.114,240.19,24,NSX,Ask
2021-03-05 16:32:50.003,253.83,50,CBOE,Ask
2021-03-05 16:39:50.216,282.84,58,NSX,Bid
2021-03-05 16:48:50.463,260.14,75,NYSE,Bid
2021-03-05 16:55:50.552,244.38,89,NYSE,Bid
